4267 5500
450 1474 456 1487 .
618 1390 1372 1589 enarrarre

148 1814 290 1995 Rem
304 1912 576 2001 monetariam
594 1920 756 2036 imperii
770 1930 951 2021 Romani
955 1932 1163 2055 explicare
1180 1956 1409 2070 aggredior,
1440 1994 1528 2080 quo
1542 1946 1706 2066 nulium

142 2046 349 2136 hactenus
370 2050 481 2137 orbis
498 2053 603 2141 vidit
623 2066 863 2175 augustius,
893 2075 1055 2163 nulium
1083 2082 1222 2173 famae
1249 2096 1380 2210 magis
1396 2122 1632 2224 porrectae,
1661 2130 1707 2204 et

142 2188 325 2301 muriam
345 2188 523 2276 nominis
542 2200 837 2307 superstitione
856 2211 988 2323 magis
1006 2233 1304 2316 comecrattun.
1324 2234 1706 2362 Tamen—amplissi-

139 2354 262 2411 mum
279 2324 400 2411 istud'
422 2328 618 2416 meritum
643 2362 792 2445 partun
820 2344 874 2427 ad
902 2347 1141 2442 institutum
1161 2391 1304 2451 meum
1331 2375 1580 2493 pertineret,
1611 2386 1702 2499 nisi,

140 2474 347 2573 quantrun
377 2476 517 2549 vetera
553 2468 725 2582 imperia
756 2480 934 2579 excessit
962 2492 1146 2600 potentia
1178 2511 1225 2599 et·
1251 2507 1491 2625 majestate,
1535 2534 1701 2611 tantum

138 2598 266 2685 etiam
284 2614 477 2686 monetae
496 2609 724 2719 superstitis
742 2626 787 2698 et
803 2617 935 2730 copia,
965 2637 1007 2709 et
1027 2639 1308 2750 praestantia,
1330 2659 1373 2730 et
1402 2652 1604 2744 varietate
1627 2690 1705 2750 arn-¹

136 2736 270 2822 teiret.
301 2736 496 2828 Monetae
512 2746 736 2834 comunis
759 2757 925 2841 tametsi
945 2759 1197 2858 incredibilis
1217 2805 1417 2870 numerus
1438 2791 1492 2874 ad
1515 2811 1699 2884 nostram

138 2899 271 2988 usque
294 2891 473 2964 aetatem
498 2879 683 2990 duravit,
714 2899 855 2976 tamen
873 2923 1023 3005 pamm
1050 2903 1121 2991 illo
1146 2912 1403 3006 satisfactum
1431 2930 1549 3015 nobis
1574 2950 1696 3048 puta-

138 3039 240 3098 mus.
268 3013 476 3126 Principio
506 3019 640 3106 sotum
663 3050 733 3107 aes
756 3025 815 3108 ad·
837 3027 1034 3125 incudem
1056 3059 1273 3157 vocatum,
1305 3064 1464 3172 argenti
1488 3097 1571 3154 usu
1592 3100 1695 3159 non.

138 3149 214 3234 nisi
244 3155 347 3236 sero’
360 3153 548 3263 invectu,
576 3161 674 3245 auri
698 3165 786 3250 fere
811 3164 978 3276 ignoto,
1007 3177 1122 3260 nulla
1155 3194 1255 3268 tum·
1276 3187 1415 3279 adhuc
1449 3197 1694 3317 inutraque

137 3289 302 3376 metallo
325 3307 521 3408 typorum
553 3298 776 3409 varietate,
806 3302 939 3392 donec
967 3315 1271 3422 praefectorum
1301 3346 1495 3420 monetae
1520 3338 1692 3451 vanitas,

30 3485 31 3510 n
134 3437 174 3510 et
191 3429 377 3538 jactandi
393 3435 554 3546 generis
572 3433 703 3522 libido
721 3443 876 3530 veteris
892 3447 1165 3564 simplicitatis
1183 3458 1395 3551 fastidium
1415 3469 1578 3560 levavit
1606 3477 1688 3562 Sed

132 3595 269 3679 neque
296 3571 357 3655 sic
384 3573 685 3687 impetravere,
724 3589 882 3666 utnon
910 3583 990 3668 aiis
1019 3587 1345 3685 desideraremus
1377 3610 1542 3716 posteri.
1584 3616 1686 3698 Gra.

129 3701 210 3792 tius
237 3707 352 3792 enim
375 3711 495 3795 nobis
521 3705 761 3822 accidisset,
794 3746 897 3830 prae
916 3723 1034 3810 factis
1056 3728 1258 3844 antiquis,
1287 3736 1420 3851 iisque
1441 3745 1687 3862 plerumque

128 3839 348 3954 fabulosis,
375 3846 519 3934 videre
548 3849 594 3934 in
625 3865 794 3937 moneta
816 3857 982 3968 publice
1010 3859 1212 3980 imperata
1245 3897 1311 3958 res
1338 3891 1474 3990 gestas
1504 3913 1555 3969 eo
1580 3901 1686 3973 tem·

30 4041 31 4048 Ν
126 4005 249 4094 pore,
281 4011 365 4098 quo
393 3984 554 4100 signata
574 3985 673 4100 -ipsa
695 3989 801 4096 suit,
825 4006 868 4078 et
903 3994 1085 4112 aliquam
1113 4007 1262 4093 saitem
1284 4012 1414 4100 firisse
1444 4020 1685 4111 adstitutam

30 4128 31 4174 ³
123 4133 268 4205 notam
302 4120 658 4238 chronologicam,
682 4154 796 4239 ‘quae
826 4133 944 4216 numi
972 4144 1157 4248 percussi
1191 4160 1390 4262 aetatem,
1416 4155 1462 4241 ἐἰ
1480 4189 1565 4244 nou
1594 4191 1683 4247 cer-

122 4271 209 4344 um
235 4257 553 4376 defuritamque,
590 4273 635 4348 at
662 4263 808 4349 saitem
834 4269 1015 4356 vicmam
1043 4277 1248 4368 edoceret.
1278 4287 1368 4372 Arta
1398 4294 1477 4377 sub
1504 4297 1683 4410 impera·

30 4403 31 4481 i
119 4395 280 4482 toribus
303 4412 495 4484 monetae
515 4397 651 4486 iacies.
680 4401 850 4489 Praeter
870 4411 1153 4518 promisermm
1174 4422 1344 4536 triplicis
1369 4430 1524 4515 metalli
1554 4419 1706 4520 usum·x

112 4531 261 4622 habita
288 4537 415 4623 etiam
442 4537 548 4623 ratio
576 4543 802 4653 praesentis
829 4545 1045 4662 fortunae,
1072 4553 1132 4638 rei
1164 4554 1278 4642 domi
1303 4563 1484 4677 forisque
1509 4566 1679 4688 insigni·
1837 4597 1845 4606 ‘

112 4683 180 4756 ter
198 4687 361 4787 gestae,
391 4676 623 4762 officiorum
647 4679 842 4795 principis
868 4681 912 4766 in
934 4687 1154 4800 populum,
1184 4707 1228 4778 et
1252 4694 1453 4812 vicissim,
1488 4719 1537 4791 et
1551 4729 1677 4824 qnae·-

113 4835 285 4923 cunque
319 4811 364 4918 in
394 4814 530 4926 amplo
566 4814 739 4928 imperio
772 4818 1097 4909 admemoriam
1133 4828 1255 4942 digne
1291 4836 1383 4948 geri
1409 4869 1674 4934 consuevere.

1272 4999 1296 5052 a
1328 4983 1349 5046 2
