4267 5500
718 579 1117 659 eomitante.
1619 610 1696 688 ooo
1819 670 1823 679 .

137 747 227 810 utP.
245 744 429 809 CAESAR.
446 748 605 828 scriptum
621 760 683 811 out
698 750 734 812 in
749 769 889 838 pyrrum,
947 753 1040 815 abest
1064 754 1243 836 epigraphe
1269 756 1463 823 Domitiani
1484 762 1695 829 monentibus

137 852 253 914 autin
267 848 427 932 epistylio
448 849 564 932 templi
580 850 674 913 Iouis
694 852 888 933 Capitolini,
947 852 1104 933 reliquis,

136 951 192 1013 uei
209 950 380 1025 Palladis,
401 950 457 1011 ael
471 952 628 1018 aliorum.
646 951 715 1017 AB.
733 951 898 1035 (Hostili,
1107 956 1197 1021 tur.
1230 956 1389 1025 DOMIT.
1421 960 1523 1030 1Υο.
1556 961 1692 1031 (tenet

135 1048 329 1117 sab.11.n.
351 1051 476 1135 1-5.)
1107 1056 1201 1121 COS.
1224 1059 1279 1123 xl.
1295 1064 1346 1125 in
1367 1062 1467 1127 attis.-
1498 1064 1592 1127 COS.
1619 1066 1693 1135 ΧΥ.

281 1154 415 1216 Antica
430 1155 572 1215 incerta.
1011 1156 1015 1167 '
1110 1160 1219 1243 Caput
1238 1164 1414 1246 Apollinis
1430 1164 1630 1231 laureatum.

136 1254 243 1320 ΙΟΥῙ.
262 1250 467 1321 cvstom.
488 1254 557 1317 uel:
576 1252 796 1320 lVPPlTER.
813 1253 885 1321 CV·
944 1257 978 1321 S.
992 1255 1030 1322 C.
1048 1258 1159 1340 Lyra,
1183 1262 1255 1327 vel:
1283 1262 1422 1347 Serpens
1441 1266 1566 1346 tripodi
1582 1268 1699 1348 impie-

136 1355 260 1421 STOS.
281 1355 316 1419 S.
333 1355 370 1419 C.
394 1354 546 1437 luppiter
561 1357 677 1417 sedens
691 1358 722 1418 d.
732 1357 884 1441 fulmen,
939 1376 1016 1433 nus,
1033 1358 1103 1423 rel:
1125 1362 1250 1426 Corvus
1264 1384 1356 1425 ranso
1370 1368 1539 1435 insistens.
1560 1367 1602 1431 In
1615 1370 1696 1432 aliis

136 1461 193 1521 uei
209 1457 441 1522 Victoriolam,
457 1454 534 1549 ΑΕ,
545 1457 571 1519 1.
588 1455 767 1539 (Metelli.)
948 1464 1042 1522 otest
1056 1462 1236 1543 epigraphe
1252 1465 1458 1531 Domitiani.

180 1555 354 1621 Suetonius
372 1559 421 1638 ·)t
446 1554 574 1621 Nouam
592 1572 703 1621 autern
719 1561 886 1621 excitauit
1111 1563 1200 1631 Inte.
1236 1563 1395 1631 DOMIT.
1425 1564 1528 1633 AVG.
1558 1567 1701 1631 GERM.

136 1662 250 1723 cedern
274 1660 311 1722 in
339 1657 507 1740 Capitolio
536 1658 746 1723 CVSTODI
767 1659 883 1724 1071.
1110 1666 1147 1726 in
1161 1666 1242 1729 aliis
1256 1666 1372 1729 addito
1387 1667 1571 1739 008.ΧΥ.
1587 1674 1693 1755 Caput

136 1762 274 1825 Causam
296 1756 386 1822 abdit
407 1756 539 1821 Tacitus
560 1756 613 1840 b),
639 1758 793 1821 nimirum
815 1760 884 1821 Do·
1032 1830 1039 1837 ,
1113 1765 1243 1829 Gereris
1260 1770 1361 1849 spicis
1378 1772 1585 1837 coronatum.

136 1861 304 1925 mitisnum
327 1860 363 1921 iu
382 1856 544 1943 Capitolio
566 1880 609 1923 cs
631 1860 884 1927 Vitellianorum
946 1863 981 1928 8.
1000 1865 1038 1929 C.
1073 1868 1142 1928 Vas
1167 1869 1436 1945 prominentibus
1467 1874 1585 1952 spicis,
1608 1872 1700 1949 ,rolf

136 1962 347 2048 inquisitione
364 1960 527 2045 elapsum,
545 1981 627 2025 mon
639 1964 814 2045 imperium
828 1964 885 2025 ad·
943 1961 1062 2046 Spirae
1076 1986 1151 2027 cum
1163 1970 1387 2049 papaveribus
1399 1970 1598 2053 colligatae,
1618 1972 1699 2037 rel:

137 2078 247 2153 spturps
278 2062 388 2126 1071
416 2062 628 2125 CVSTODI
651 2064 808 2146 templum
834 2065 887 2128 in·
944 2063 1053 2133 Nouis
1070 2064 1216 2147 expanso
1233 2068 1317 2131 velo.

134 2186 237 2251 gens,
256 2183 356 2244 seque
370 2166 408 2227 in
423 2167 501 2228 sinu
516 2165 571 2228 siri
584 2170 779 2231 sacravisse.
1111 2169 1199 2231 IMP.
1231 2168 1393 2233 DOMIT.
1421 2170 1523 2239 ΔΥΕ.
1554 2172 1693 2241 GERM.

1112 2270 1220 2351 Caput
1242 2272 1405 2335 Patronis.

943 2365 1000 2431 10.
1019 2366 1077 2435 10.
1097 2372 1283 2440 ΤΗΙΥΜΡ.
1295 2372 1412 2436 Arbor
1427 2375 1546 2441 oliuae.
1569 2376 1697 2449 (Theu-

941 2472 1038 2553 roos

178 2568 323 2634 indicari
345 2588 444 2651 supra
465 2565 498 2628 iu
523 2580 653 2631 moneta
677 2569 887 2655 Vespasiani,
984 2570 1133 2634 Eandem
1157 2592 1303 2637 aversans
1325 2573 1446 2638 habent
1475 2574 1572 2639 'etism
1600 2578 1693 2640 nurui

136 2674 202 2737 hoc
220 2672 405 2756 imperante
422 2666 567 2754 signatos
583 2667 819 2737 fuisse-numos
832 2692 885 2738 se·
941 2674 1110 2754 nonnulli,
1153 2694 1235 2760 quos
1270 2674 1358 2739 iuter
1386 2689 1527 2742 teneoras
1559 2680 1696 2764 reponi·

136 2795 219 2840 neos
241 2773 392 2836 minimae
418 2770 556 2837 formae.
592 2773 691 2837 Exile
716 2771 805 2836 istud
828 2794 886 2837 ses
940 2797 1024 2842 usus.

136 2875 304 2962 copiosius
324 2887 375 2938 est
399 2870 460 2934 sub
473 2873 681 2950 Domitiano,
704 2887 803 2957 atque
825 2874 886 2936 eti·
982 2879 1150 2940 Hactenus
1167 2874 1324 2952 vidimus,
1346 2887 1440 2960 typos
1457 2899 1592 2943 aversae
1612 2897 1693 2944 oon·

136 3002 190 3042 aas
204 2976 265 3042 sub
281 2989 504 3062 consequente
517 2975 628 3060 paullo
641 2989 717 3060 post
730 2975 883 3058 Trajauo.
942 2991 1067 3042 suntor
1091 2975 1277 3042 refersisti
1300 2977 1448 3056 numius,
1481 3001 1618 3064 quorum
1638 3001 1692 3046 cn·

135 3084 209 3143 Hos
223 3079 312 3142 iuter
326 3078 478 3140 numulos
494 3076 693 3153 multisunt,
710 3076 767 3162 qui
781 3078 885 3160 impe-
941 3079 1009 3164 pits
1025 3078 1060 3140 iu
1074 3078 1179 3143 antica
1198 3091 1435 3162 proponuntur.

135 3181 257 3248 satoris
272 3200 382 3265 neque
401 3192 513 3262 ceput,
537 3198 647 3265 usque
665 3199 786 3242 nornen
804 3177 888 3242 offe·
1105 3181 1195 3254 MP.
1224 3179 1383 3244 Dostt't.
1417 3181 1519 3250 Avo.
1551 3181 1691 3249 GERM.

136 3298 234 3360 runt,
248 3280 397 3346 nonnulli
411 3294 521 3346 tamen
536 3302 598 3366 per
613 3294 717 3364 typos,
734 3295 770 3344 ut
785 3282 887 3366 conji·
1105 3287 1143 3348 in
1160 3283 1284 3347 medio:
1306 3283 1341 3347 S.
1357 3283 1396 3348 C.

136 3407 218 3452 cere
231 3385 323 3463 lieet,
334 3383 504 3469 pertinere
521 3383 562 3448 ad
570 3382 791 3447 Domitianum
806 3404 883 3468 cog·
944 3384 1156 3449 Rhinoceros.

135 3500 329 3552 uoscmtur.
348 3487 402 3548 Ex
416 3485 467 3548 his
485 3505 557 3562 eos,
572 3486 628 3571 qui
642 3486 883 3550 memorabilio-
984 3488 1069 3549 Tres
1094 3485 1254 3571 isigonus
1277 3483 1402 3548 rumuli
1426 3501 1499 3548 sunt
1521 3487 1553 3547 in
1576 3507 1696 3550 museo

136 3611 193 3653 res
209 3602 294 3665 sunt,
313 3601 348 3651 et
364 3599 457 3652 uerte
473 3587 669 3662 Domitiani,
693 3587 748 3651 hic
767 3609 884 3652 recon-
941 3590 1124 3666 Caesareo,
1153 3587 1242 3670 iique
1263 3587 1481 3671 integerrimi.
1525 3591 1561 3648 ln
1585 3588 1692 3650 omni-

137 3691 237 3767 sebo,
254 3689 361 3752 dssstis
376 3686 513 3772 reliquis
530 3688 571 3754 ab
584 3689 758 3774 imperium
773 3691 883 3774 ‘t'raja-
940 3689 1002 3751 hus
1017 3688 1070 3752 his
1088 3709 1129 3752 ex
1144 3688 1365 3752 rhinocerotis
1383 3685 1515 3750 naribus
1533 3688 1598 3752 duo
1615 3709 1690 3752 eon

137 3793 183 3858 ni.
214 3792 252 3854 ld
275 3811 379 3876 penus
403 3791 495 3853 numi
513 3789 619 3856 rideri
641 3805 777 3875 possunt
799 3790 886 3875 apud
941 3813 1005 3854 aus
1032 3790 1267 3875 protuberent,
1303 3789 1458 3865 alterum,
1495 3787 1584 3872 quod
1613 3811 1690 3874 pro·

137 3893 331 3958 Marcilium
344 3892 577 3957 iuDosnitiauo
590 3891 784 3969 tanim„
800 3891 886 3976 apud
940 3893 1014 3977 pius
1034 3892 1154 3956 nietam
1176 3904 1245 3968 est,
1268 3891 1419 3977 lougius,
1440 3891 1578 3955 alterum
1601 3891 1690 3975 paui-

138 3995 342 4060 Gessnsruru
367 3994 431 4058 tab.
457 3995 612 4074 van„
641 4009 676 4058 et
698 3995 733 4056 iu
758 3994 887 4058 Catulo·
941 3992 975 4056 1ο
996 3993 1111 4072 altius,
1139 4006 1173 4057 et
1194 3992 1300 4056 minus
1321 3991 1522 4078 prominens.
1550 3993 1689 4058 'Rarior

139 4117 183 4182 go
200 4097 308 4162 musei
325 4095 480 4162 Caesarei
501 4097 543 4162 ad
568 4097 692 4162 sulcem
710 4116 884 4160 numerum
942 4109 993 4159 est
1005 4095 1134 4180 speeies
1149 4093 1396 4158 rhinocerotum
1411 4094 1613 4174 bicnrniusu,
1631 4116 1689 4160 eo

141 4199 285 4284 Tssjaui.
941 4219 1015 4260 rum
1037 4211 1145 4262 tamen
1167 4197 1231 4280 jans
1253 4197 1434 4262 meminere
1457 4209 1601 4264 veteres.
1635 4199 1687 4264 Ds

303 4299 391 4364 liss’.
420 4298 581 4365 nom.
612 4298 718 4366 Avo.
748 4298 887 4367 Genu.
942 4299 1041 4362 simili
1059 4297 1217 4364 Martialis
1238 4300 1286 4382 c):

158 2404 213 2465 De
230 2400 343 2465 nantis
357 2405 470 2465 aeneis
487 2402 554 2466 111.
570 2400 626 2463 oei
639 2400 704 2469 17.
713 2402 861 2484 formae.

303 4402 401 4470 (208.
417 4402 518 4466 111111.
546 4401 654 4485 Caput
673 4403 837 4468 Palladis.
983 4400 1135 4482 Namque
1153 4421 1289 4484 grown
1318 4399 1510 4468 GEMINO
1533 4403 1695 4466 COBNV

142 4507 177 4574 8.
190 4505 228 4570 C.
248 4503 400 4583 Noctua,
419 4505 475 4568 vei
487 4503 580 4566 oleae
599 4523 725 4568 sarnus.
747 4503 787 4566 in
806 4504 887 4567 aliis
1271 4507 1321 4566 sic
1338 4507 1463 4568 extulit
1483 4527 1605 4570 ursurn.
1691 4565 1697 4574 .

179 4720 210 4788 s)
232 4717 307 4794 Cap.
320 4729 346 4780 5.
419 4715 456 4788 b)
475 4713 671 4778 uisuntur.
746 4715 777 4787 c)
796 4715 1121 4794 Lins1secssuepigr.
1140 4727 1188 4779 22·

185 4808 280 4889 (701.
299 4807 376 4890 71.)
588 4825 594 4834 ’
1020 4860 1026 4870 .
1342 4807 1375 4868 D
1397 4807 1417 4867 tl
1440 4806 1462 4868 (1
