4267 5500
711 583 1120 663 auauuomvs.
1625 566 1691 683 ‘3'5
1818 599 1822 605 ·

130 766 227 839 ptura
244 752 322 822 vide
339 752 374 815 in
391 765 522 817 moneta
537 752 634 838 bojas
651 753 752 821 urbis.
773 756 884 820 Aliana
1009 710 1150 823 Colonia
1166 756 1315 825 Cabellio
1333 762 1481 847 ejusdem
1498 764 1689 832 Narbonen-

129 855 225 921 urbis
239 858 390 942 {ignotae
418 854 523 921 edidit
549 856 752 927 Vaillantius.
789 859 884 924 Alius
942 859 986 925 sis
1004 872 1041 924 ut
1056 860 1249 926 Illvirorunr
1270 864 1431 947 omnium,
1453 867 1500 935 sic
1518 882 1553 933 et
1563 858 1688 957 'Lepidi

130 978 209 1019 cunr
232 958 306 1041 eiua
328 959 434 1043 capite
455 981 474 1023 a
495 958 572 1023 Cois
596 959 739 1045 signatus
762 959 885 1039 fertur,
941 981 1062 1029 nomen
1080 962 1151 1030 ueri
1167 983 1227 1031 suo
1243 963 1363 1036 intulit.

127 1058 192 1123 scd
210 1058 255 1125 de
272 1059 367 1144 cnjus
384 1058 450 1126 fide
467 1060 560 1124 labet
577 1058 746 1143 dubitare,
770 1074 808 1128 ut
829 1062 884 1131 ad·
965 1091 970 1099 ·

125 1161 220 1226 verti
238 1160 274 1225 in
290 1158 412 1227 borum
425 1175 568 1229 moneta.

134 1916 317 1979 Contractis
334 1919 524 1999 peregrini,
544 1929 582 1981 ut
601 1936 679 1981 mox
700 1914 838 1993 dictum,
892 1951 907 1966 ·
977 1954 1004 2023 '-
1087 1953 1101 1968 ·
1184 1955 1199 1971 ·
1280 1954 1295 1973 ·
1379 1866 1482 1987 aba.

708 2245 761 2307 M.
783 2242 1105 2311 ANTONIVS.

191 2424 294 2487 Natus
316 2444 378 2489 aro
400 2424 446 2485 ll.
467 2421 611 2486 Antonio
638 2436 771 2489 oratore
798 2424 876 2488 insi-
933 2423 1124 2491 dictaturam
1152 2427 1187 2489 in
1216 2440 1414 2511 perpetuum
1446 2427 1573 2505 abolet,
1605 2448 1683 2491 mox

131 2526 200 2609 gai,
234 2538 332 2611 patre
359 2527 409 2594 M.
430 2524 574 2590 Antonio
602 2524 751 2607 Cretico,
786 2529 873 2592 uude
931 2526 966 2588 in
982 2528 1117 2592 eosdem
1135 2530 1293 2613 populum
1310 2530 1399 2593 lecto
1418 2530 1565 2596 Caesaris
1587 2544 1685 2594 testa·

131 2626 162 2687 in
177 2628 290 2691 nautis
311 2630 422 2691 Murci
442 2630 553 2692 Filius
569 2630 680 2692 noret
699 2630 807 2714 Nepos
828 2618 891 2695 ‹ti-³
932 2643 1063 2705 mento,
1096 2630 1233 2715 ejusque
1249 2629 1410 2695 cadavere
1426 2632 1531 2715 palam
1551 2645 1682 2696 ostenso

131 2728 222 2794 citur.
258 2728 372 2794 Prima
400 2727 560 2814 stipendia
587 2728 646 2793 sub
672 2728 810 2795 Gabinio
839 2731 874 2794 in
933 2730 1090 2810 concitat,
1125 2731 1299 2798 Octavium
1325 2732 1474 2797 Caesaris
1502 2732 1683 2810 heredem,

132 2831 222 2912 Syria
251 2832 392 2908 meruit,
425 2831 479 2895 cui
505 2833 547 2900 V.
569 2831 605 2898 C.
627 2833 690 2916 buo
718 2835 750 2894 in
778 2835 876 2896 redu·
933 2847 968 2894 et
993 2853 1035 2896 ex
1054 2845 1251 2898 testamento
1275 2833 1381 2897 filium
1403 2835 1553 2900 omnibus
1579 2835 1685 2900 modis

132 2935 236 2998 cerdo
273 2933 307 2996 in
343 2953 485 3015 regnum
515 2934 707 2997 Ptolemaeo
743 2948 874 3018 praesto
934 2948 1119 3018 oppugnat,
1135 2937 1177 2999 D.
1201 2937 1307 2999 Bruto
1324 2934 1462 2998 Galliam
1492 2939 1681 3001 citeriorem

133 3033 190 3096 luit
210 3037 250 3116 ι).
276 3035 330 3114 Ad
347 3037 373 3099 1.
393 3037 566 3100 Caesarem
584 3036 618 3097 iu
635 3016 755 3100 Gallias
772 3050 875 3099 trans·
933 3049 1122 3098 extorturus
1148 3055 1190 3096 ex
1206 3025 1298 3098 ¹urbe
1323 3037 1559 3120 proficiscitur,
1594 3059 1683 3100 enm·

135 3157 279 3220 mnus,
313 3157 389 3200 curn
411 3158 447 3201 se
468 3136 519 3198 illi
540 3151 690 3222 prompta
717 3137 872 3223 fidelique
933 3155 998 3219 que
1027 3135 1172 3199 Mutinae
1205 3137 1345 3204 obsidet.
1400 3142 1442 3204 V·
1475 3141 1512 3204 C.
1544 3161 1603 3221 7¹¹
1638 3139 1680 3202 ob
1738 3217 1745 3226 ἱ

133 3257 231 3322 opera
260 3237 524 3314 commendaret,
553 3259 597 3302 eo
623 3253 741 3324 agente
769 3239 812 3307 V.
835 3239 873 3302 C.
932 3252 1079 3321 apertam
1107 3238 1174 3301 rim
1203 3238 1308 3304 bostis
1328 3263 1348 3304 a
1369 3254 1483 3306 senatu
1508 3239 1680 3323 judicatur.

133 3341 193 3407 705
219 3352 348 3403 creatus
366 3339 523 3418 {tribuum
551 3339 660 3425 plebis
689 3339 875 3405 intercessit
933 3341 1053 3402 Caesar
1075 3339 1271 3406 Octavianus
1292 3361 1367 3406 cum
1389 3342 1500 3406 Hirtio
1523 3357 1556 3407 et
1576 3345 1680 3407 Pausa

133 3441 444 3520 senatusconsulto,
467 3441 641 3506 Caesarem
658 3441 808 3526 legiones
828 3442 875 3503 ‹li-
932 3461 1001 3507 cos.
1019 3462 1060 3504 ex
1081 3442 1114 3504 S.
1132 3443 1169 3507 C.
1195 3442 1235 3506 ad
1260 3443 1465 3509 liberandum
1479 3447 1522 3509 D.
1542 3447 1682 3507 Brutum

132 3541 262 3604 mittere
294 3541 432 3624 jubenti.
479 3541 552 3637 Qua
590 3543 632 3606 de
666 3563 762 3607 causa
799 3563 872 3607 cum
932 3543 1034 3609 missi.
1087 3545 1168 3607 Cum
1212 3544 1264 3607 bis
1304 3545 1476 3629 aliquoties
1516 3556 1679 3631 prospero

131 3641 196 3702 rina
218 3641 279 3704 ribi
299 3642 453 3708 namuri
474 3643 621 3724 videret,
648 3645 764 3710 relicta
790 3645 873 3709 urbe
932 3649 1039 3708 Marte
1061 3644 1210 3729 confligit
1229 3645 1408 3724 Antonius,
1430 3667 1527 3712 versa
1549 3647 1681 3711 fortuna

131 3741 171 3806 ad
198 3741 369 3808 Caesarem
396 3743 490 3830 fugit.
526 3747 567 3814 V.
589 3745 629 3814 C.
651 3745 715 3828 7ob
743 3745 775 3808 iu
803 3746 874 3810 acie
932 3746 1037 3810 victua
1059 3745 1101 3810 ad
1121 3747 1167 3809 bl.
1192 3744 1354 3828 Lepidum
1379 3747 1414 3809 in
1437 3747 1575 3811 Galliam
1599 3751 1680 3812 Nar·

129 3843 315 3910 Pbanalica
355 3845 488 3910 sinistro
530 3848 646 3912 cornui
686 3847 873 3932 praefectus
930 3847 1112 3912 bonensem
1140 3845 1243 3929 sugit,
1276 3849 1333 3933 qui
1358 3871 1378 3912 a
1398 3848 1541 3936 propriis
1571 3849 1677 3934 legio·

132 3966 203 4008 rena
218 3948 384 4030 praeclare
401 3949 498 4034 gerit.
519 3949 561 4018 V.
572 3952 610 4017 C.
624 3971 688 4035 7⁰7
702 3973 721 4014 a
735 3951 874 4014 Caesare
930 3949 1027 4012 nibus
1052 3947 1231 4014 solicitatus
1261 3964 1374 4014 contra
1402 3950 1507 4015 datam
1536 3951 1621 4035 reip.
1642 3952 1680 4012 ti·
1759 3957 1770 3972 ⁸

131 4048 287 4130 magister
309 4051 456 4136 equitum
480 4051 625 4115 adlectus
649 4072 691 4116 eo
712 4050 756 4138 5¹¹.
766 4052 873 4135 Aegy·
931 4051 1006 4113 dem
1028 4071 1063 4113 se
1086 4071 1160 4114 cum
1181 4051 1324 4114 Antonio
1346 4053 1525 4140 conjungit.
1553 4054 1678 4116 Auctus

131 4161 187 4232 pto
202 4149 346 4236 Asiaque
363 4151 499 4216 absente
519 4173 574 4216 ros
595 4153 630 4213 iu
650 4152 733 4216 urbe
755 4173 872 4238 procu·
930 4154 1030 4236 igitur
1060 4153 1184 4235 copiis,
1215 4154 1473 4240 plusquequam
1495 4167 1588 4218 antea
1610 4175 1679 4219 me·

131 4265 190 4316 rat.
221 4252 267 4318 V.
289 4254 325 4318 C.
346 4273 411 4336 7¹⁰
435 4255 549 4317 consul
570 4250 708 4338 conleg'a
730 4256 871 4319 Caesare
929 4253 1071 4318 tuendus
1107 4276 1182 4318 cum
1197 4254 1400 4320 ‘faciliorem
1439 4257 1501 4339 jam
1537 4253 1678 4319 baberet

132 4351 301 4417 dictatore.
342 4357 521 4421 Interfecto
556 4355 635 4422 idib.
656 4356 783 4438 Martiis
823 4360 874 4418 lu·
931 4355 1154 4435 Octavianum,
1167 4377 1242 4420 cum
1256 4358 1321 4421 boe
1335 4357 1368 4419 in
1384 4378 1464 4441 agro
1476 4356 1677 4420 Bononiensi

133 4455 176 4516 lio
197 4473 277 4518 cuae
296 4456 436 4540 primum
458 4459 543 4522 vitae
565 4473 713 4523 metuens
739 4477 873 4542 percu-s·
930 4478 1144 4542 congressus,
1176 4459 1327 4543 adjuncto
1356 4457 1484 4542 Lepido
1507 4457 1676 4521 celebrem

133 4577 243 4618 sorum
280 4577 405 4621 musam
443 4557 592 4643 suscipit,
628 4561 757 4646 lataque
794 4560 871 4646 lege
931 4558 1115 4625 Illviratum
1135 4581 1230 4625 causa
1253 4561 1338 4645 reip.
1353 4559 1599 4625 constituendae
1614 4562 1676 4624 init

171 4819 195 4882 a}
218 4811 298 4870 Ptaa
312 4812 341 4870 iu
357 4815 461 4874 Autan.

1403 4912 1433 4972 E
1456 4930 1475 4972 o
