4267 5500
36 781 58 842 it.

771 595 1086 671 snrtnovs.
1636 626 1710 692 53,

270 769 299 835 3.
322 760 774 832 ANT1NO0T.HPttOC.
805 765 912 848 Caput
967 759 1030 827 'tuit
1045 763 1222 840 Antinous,
1246 767 1395 850 quoniam
1416 771 1558 848 unanimi
1576 793 1714 839 consen.

325 873 395 934 loto
412 881 579 932 ornatum.
969 887 1008 930 su
1036 864 1265 949 Antinoopolis
1302 868 1432 932 nonnisi
1459 867 1591 936 mortuo
1620 876 1712 939 Anti-

41 1005 57 1046 μ
170 973 211 1040 Ῑι.
229 963 653 1054 TPICKAIAGKATOT.
694 969 801 1050 Caput
821 966 913 1030 Iovis
969 985 1034 1029 noo
1055 966 1222 1030 aedificata
1240 966 1312 1033 fuit.
1351 970 1460 1054 Atque
1478 973 1561 1049 hana
1581 989 1712 1039 senten·

25 1087 56 1168 ,i
168 1075 366 1137 laureatum·
388 1072 459 1134 AB·
475 1073 499 1132 l·
515 1071 643 1154 (Zoiga
658 1069 911 1153 Num.,Aegypt.
968 1067 1045 1132 tiam
1063 1069 1192 1151 penitus
1209 1067 1446 1134 confirmabunt
1461 1076 1567 1152 numi,
1586 1074 1628 1138 tlo
1644 1078 1713 1160 qui.

170 1193 213 1238 ar
225 1191 340 1240 museo
354 1193 427 1258 rog.
447 1171 655 1250 christinae).
968 1169 1029 1237 bus
1045 1190 1124 1253 ago,
1146 1190 1221 1232 oum
1237 1167 1372 1237 annill.
1390 1185 1426 1234 et
1441 1170 1488 1250 Θ,
1517 1177 1573 1261 qni
1597 1197 1713 1247 seeun-

268 1267 779 1350 4.ANT1N00'1'.HP.QOC.
805 1271 914 1356 Capu-t
970 1272 1046 1336 dum
1080 1271 1317 1354 Aegyptiorum
1353 1273 1513 1340 oalonlnm
1554 1277 1712 1361 incipiunt

327 1376 396 1454 loto
416 1387 582 1439 ornatum.
971 1386 1113 1437 exeunte
1130 1375 1278 1456 Augusto
1295 1376 1336 1440 V.
1352 1375 1467 1463 &876
1481 1390 1516 1440 et
1528 1378 1617 1460 877,
1639 1384 1715 1462 qni,
1752 1379 1763 1388 '

170 1477 209 1536 L.
225 1472 286 1539 Ill.
302 1473 361 1540 ῙΘ.
380 1477 555 1538 Antinous
568 1496 665 1554 equas
679 1478 709 1538 d.
723 1475 913 1550 catinorum.
972 1496 1036 1561 quo
1061 1495 1136 1538 aum
1158 1476 1223 1559 jam
1241 1473 1419 1539 Antinoum
1441 1479 1552 1560 specie
1570 1479 1711 1542 numinis

169 1575 240 1643 AF..
254 1578 295 1642 ll.
317 1576 482 1659 (Hurduin
497 1575 583 1643 Hist.
600 1579 685 1660 Aug.
703 1578 788 1637 llus.
802 1575 911 1654 Caes.)
966 1591 1169 1662 proponant,
1203 1598 1279 1640 oum
1308 1578 1372 1660 jam
1402 1590 1498 1643 antea
1528 1578 1711 1648 detentione

31 1723 49 1760 Ι..
136 1767 142 1776 ἱ
270 1679 301 1742 6.
324 1669 911 1744 A‘tT.KA10.TPn1AN.AAP1·
967 1679 1088 1745 invicto
1104 1691 1250 1761 arguant.

326 1755 570 1845 ANocoeB.
593 1779 699 1859 Caput
710 1779 909 1840 laureatam.
1030 1781 1075 1842 At
1094 1800 1174 1843 vero
1193 1779 1246 1842 his
1259 1779 1459 1864 argumentis
1479 1780 1586 1845 obstat
1604 1787 1630 1848 1.
1657 1807 1712 1848 su·

25 1925 49 1972 r:
168 1881 208 1945 Ι..
222 1873 394 1944 ΕΝΝΕΑ.
407 1881 450 1946 K.
459 1879 498 1944 Δ.
522 1880 674 1944 Protomo
685 1879 842 1954 Antinoi,
858 1899 913 1940 ou·
969 1883 1100 1946 otoritas
1116 1880 1309 1963 Hieronymi
1322 1879 1373 1963 l0),
1402 1881 1459 1964 qni
1476 1883 1609 1946 Antinoi
1626 1874 1714 1948 mor·

25 1983 31 2071 ’ς
163 1982 494 2062 jusoapitiauiuthus
503 1984 663 2055 imminet,
668 1983 909 2062 juxtupalmao
966 1994 1033 2046 tom
1064 1981 1097 2043 in
1127 2002 1245 2044 annum
1276 1983 1316 2049 V·
1346 1983 1383 2044 C.
1420 1985 1484 2048 882
1514 1982 1644 2064 differt,
1672 2009 1711 2051 ac

166 2101 290 2146 ramus.
312 2083 416 2144 ΔΕΑ.
434 2083 563 2165 (llaym.
581 2083 621 2145 Ἰῑ.
632 2081 670 2144 ll.
686 2102 718 2165 p.
735 2101 778 2145 m.
792 2083 880 2161 275.)
965 2083 1142 2166 praecipue
1157 2099 1442 2148 monumentorum
1456 2098 1624 2165 veterum,
1642 2088 1710 2171 qui·

269 2175 775 2246 o.ANT1NO0T.HPttOC.
802 2185 908 2263 Caput
965 2183 1026 2244 bus
1054 2183 1151 2247 facile
1176 2182 1350 2267 probatur,
1386 2185 1586 2254 Hadrianum
1623 2209 1709 2256 anno

318 2286 389 2347 loto
409 2297 573 2347 amatum.
967 2282 1098 2346 demum
1127 2283 1169 2350 V.
1193 2284 1230 2349 C.
1258 2285 1320 2348 883
1350 2285 1385 2348 in
1414 2285 1566 2372 Aegypto
1596 2289 1709 2365 iubae,

169 2385 208 2450 L.
217 2383 261 2448 K.
278 2386 453 2450 Antinous
465 2405 563 2466 equos
579 2385 610 2448 d.
625 2383 815 2450 caduceum.
838 2383 908 2446 AB.
968 2404 1032 2469 quo
1049 2398 1199 2470 temporo
1217 2385 1394 2450 Antinoum
1412 2388 1489 2452 Nilo
1505 2389 1607 2456 fuisso
1624 2409 1710 2454 mer·

167 2485 336 2570 (Arigoni,
351 2483 551 2570 ‚TheopoliJ
967 2507 1039 2548 sum
1056 2485 1238 2551 communis
1256 2486 1340 2552 sama
1363 2503 1425 2556 est.
1467 2493 1508 2556 ll.
1528 2492 1711 2575 Argumen·
1780 2564 1785 2572 ¹

265 2611 297 2670 7.
322 2589 446 2652 Eadem
461 2591 611 2654 adversa.
652 2571 660 2584 ⁸
967 2599 1035 2649 tum
1050 2609 1068 2650 a
1084 2586 1222 2652 laudatis
1238 2589 1346 2652 nuruis
1363 2611 1436 2654 enm
1453 2592 1544 2655 annis
1559 2589 1604 2657 H.
1618 2607 1652 2655 et
1666 2593 1709 2660 Θ.

167 2689 289 2757 L.KA.
307 2689 824 2766 Antinouoequosd.caducanm.
840 2686 910 2751 ΔΕ.
967 2690 1105 2769 petitum
1139 2689 1244 2753 minus
1279 2704 1330 2753 ast
1364 2691 1525 2769 validum,
1558 2694 1712 2777 quoniam

29 2854 32 2859 ,
168 2791 193 2853 l.
206 2791 261 2853 lll.
279 2792 378 2871 (llus.
395 2788 520 2865 Pisani,
538 2789 672 2849 Faunos.
689 2786 883 2868 Theupoli.)
967 2786 1116 2848 dubitare
1140 2788 1219 2850 lieet
1236 2802 1346 2849 utrum
1369 2790 1509 2872 pristant
1532 2795 1624 2855 numi
1644 2794 1711 2855 An·

231 2892 267 2955 Si
283 2892 317 2951 in
332 2910 432 2955 numo
451 2908 492 2953 aa
506 2888 680 2971 propositio
696 2886 802 2969 primo
815 2904 911 2949 reve·
965 2886 1046 2950 tinoi
1065 2886 1212 2970 inscripti
1228 2887 1268 2949 L.
1288 2883 1329 2953 Θ.
1368 2888 1453 2952 Sane
1477 2892 1567 2953 numi
1585 2892 1710 2957 similos

168 3012 205 3054 ro
228 2990 367 3060 habetur
385 2988 493 3075 imago
508 2989 659 3067 Antinoi,
688 3002 724 3052 nt
745 2986 831 3051 istud
855 2985 909 3049 stl-
965 3000 1032 3051 tres
1056 2988 1161 3051 musei
1187 2987 1355 3066 Caesarei,
1387 3009 1469 3073 quos
1491 2991 1567 3055 loco
1590 2995 1631 3058 ΙΙ.
1654 2993 1710 3059 tle·

168 3092 249 3155 serit
271 3094 484 3159 Aluauolenus
514 3092 620 3155 musei
648 3090 758 3155 Pisani
782 3088 907 3164 editor,
965 3090 1100 3174 scripsi,
1133 3100 1167 3151 et
1183 3088 1216 3149 in
1234 3088 1350 3173 quibus
1369 3112 1434 3155 non
1456 3094 1532 3156 satis
1558 3094 1706 3180 integris,

169 3206 203 3255 et
226 3212 299 3257 oum
324 3214 365 3257 eo
389 3206 503 3259 auctor
525 3193 630 3255 musei
654 3190 834 3276 Theopoli,
866 3189 908 3253 ad
964 3206 1060 3277 atque
1091 3190 1240 3254 tnducnn
1262 3214 1282 3255 a
1309 3193 1444 3269 Patina,
1481 3194 1598 3278 legera
1628 3197 1709 3259 milti

170 3295 250 3358 huso
273 3295 299 3357 si
318 3295 354 3357 iu
366 3294 438 3358 aliis
452 3294 683 3359 Alexandrinis
702 3292 835 3357 Antinoi
851 3312 909 3353 nu·
965 3292 1087 3355 aliatum
1109 3312 1228 3356 annum
1244 3292 1397 3373 videbar,
1425 3296 1462 3355 in
1481 3314 1619 3362 examen
1637 3321 1709 3363 rur·

167 3396 228 3458 mis
237 3408 347 3459 uentus
357 3395 479 3481 legitur
491 3390 652 3470 annuali,
669 3406 703 3457 ut
717 3394 797 3457 mihi
807 3412 909 3477 qnou-
965 3414 1036 3456 sum
1059 3393 1447 3478 vocati,potiusla.1&.
1471 3395 1632 3475 offerunt,
1663 3414 1707 3463 at·

168 3496 242 3559 ulam
264 3498 387 3575 rhum,
409 3516 483 3561 oum
504 3498 686 3579 catalogum
705 3493 810 3557 musei
830 3494 909 3555 Cau·
966 3514 1029 3579 que
1048 3495 1191 3557 eandem
1214 3496 1310 3559 etism
1333 3498 1564 3573 annum,iorto
1587 3502 1708 3565 offeret

167 3599 255 3663 moi
274 3602 585 3683 vulgarem,⁴utque
604 3598 700 3661 etiam
716 3596 908 3659 Putinonu·
962 3595 1157 3660 Patiuianus.
1191 3597 1316 3659 Nomas
1336 3588 1378 3660 e'x
1399 3599 1573 3681 propositis
1587 3602 1612 3661 1.
1630 3622 1705 3664 cnm

167 3720 256 3763 mum
277 3699 415 3767 similam
433 3698 545 3764 edenti
566 3700 611 3781 ¹),
638 3697 814 3781 plurimum
831 3716 909 3779 pro·
963 3716 1047 3761 anno
1084 3693 1129 3759 H.
1159 3698 1314 3782 exiguum
1350 3696 1457 3761 adfert
1485 3687 1705 3779 momentum,

167 3801 341 3867 habilitatis
371 3802 506 3868 accedet
536 3800 724 3864 testimonio
754 3794 909 3861 Chronici
964 3820 1037 3864 num
1065 3799 1205 3884 polutum
1234 3801 1325 3863 abest
1359 3798 1529 3886 inscriptio
1555 3804 1707 3881 Antinoi,

166 3904 396 3981 Alexandrini,
433 3902 525 3987 eujus
560 3900 662 3966 verba
690 3913 765 3963 sunt
792 3896 907 3961 Latino
965 3915 999 3965 et
1020 3922 1136 3964 numus
1156 3902 1227 3983 ipsa
1254 3922 1321 3963 non
1341 3900 1438 3984 liujus
1459 3916 1526 3979 est,
1557 3904 1618 3968 sed
1639 3908 1705 3967 lla·
1735 3900 1740 3910 '

165 4004 310 4071 redditor
330 4008 434 4069 Anno
446 4006 493 4070 11.
512 4002 721 4089 Olympiadis
736 3998 907 4065 CCXXV.
964 4000 1089 4083 siriani3
1126 4002 1245 4067 deindo
1274 4002 1337 4066 etsi
1362 4001 1494 4080 demus,
1532 4019 1707 4089 protomon

166 4108 315 4184 Auiola,
354 4120 388 4169 at
415 4108 528 4169 Pansa
556 4108 629 4170 Cos.
652 4102 847 4165 Hadrianus
870 4104 908 4166 in
964 4124 1099 4175 aversae
1119 4102 1296 4167 secundum
1314 4105 1421 4167 omnia
1438 4103 1632 4171 lineamenta
1656 4131 1708 4173 re·

168 4208 363 4290 Aegyptam
372 4208 662 4290 proseratuturiem
671 4206 819 4269 Antinoi
833 4204 909 4267 Tito·
964 4204 1057 4269 iorre
1086 4204 1280 4281 Antinoum,
1302 4224 1344 4267 eo
1372 4216 1481 4269 umen
1512 4211 1596 4269 corti
1626 4228 1707 4275 non·

165 4310 276 4372 haidis
304 4308 458 4395 aedificat
477 4327 521 4371 ox
541 4328 573 4372 a.
589 4308 628 4385 d.
647 4306 712 4370 111.
740 4305 816 4367 Kal.
843 4300 907 4367 llio·
965 4304 1041 4369 sium
1061 4326 1188 4383 snmus,
1210 4326 1284 4371 esse
1298 4326 1370 4369 eam
1388 4308 1525 4384 mortui,
1549 4330 1616 4372 non
1642 4312 1708 4375 sivi

166 4411 268 4476 uini.
304 4410 376 4475 Hae
394 4423 491 4475 notae
510 4406 790 4490 alliciuntaunnm
810 4405 851 4473 V.
868 4404 905 4471 C.
964 4407 1149 4492 imaginem.
1182 4408 1265 4469 Nam
1282 4420 1433 4490 poterant
1451 4406 1548 4473 iaoila
1565 4410 1711 4477 Alexan..

166 4510 241 4595 875.
263 4511 300 4580 P.
316 4512 356 4576 X.
377 4528 445 4574 rau.
479 4512 629 4574 Mortuus
643 4510 744 4595 igitur
761 4520 827 4569 tum
843 4506 906 4589 jam
965 4507 1064 4587 drini,
1094 4507 1211 4594 quihus
1228 4507 1380 4617 cognitus
1406 4509 1518 4595 utiquo
1537 4511 1598 4574 suit
1623 4513 1707 4575 insa-

1614 4694 1703 4707 n·—

201 4820 232 4889 ι)
251 4816 283 4871 Ι..
298 4835 324 4872 o.
398 4812 434 4885 lo)
453 4812 482 4868 in
499 4808 658 4875 Cluniae.
1184 4888 1189 4897 ,

225 4923 413 5007 (rotro)
1401 4916 1511 5001 lto
