4267 5500
760 601 1134 684 naemu-vs.
1658 643 1732 724 too

175 766 287 862 Quare
310 779 344 831 ot
365 765 399 829 iu
420 766 537 852 priscis
559 769 780 834 Mauretaniae
806 791 924 856 regum
983 777 1064 862 Cum
1102 801 1167 865 quo
1203 785 1373 865 praeclare
1407 795 1582 876 ,conspirat
1616 763 1732 860 numus

172 870 281 934 numis
325 869 466 954 signatos
508 868 573 953 jam
617 889 719 956 equos
765 871 923 941 ridemus.
982 879 1130 960 ejusdem
1161 882 1251 946 urbis
1273 885 1515 955 (iuuenes-cum
1538 897 1644 980 capite
1666 904 1734 982 bn·

179 971 414 1066 Quantopere
434 971 508 1035 usui
529 971 593 1036 boc
622 973 695 1056 ipse
721 994 803 1042 aero
825 997 926 1062 eque·
981 983 1085 1048 tonici
1112 984 1182 1063 Pii,
1226 987 1260 1049 in
1282 990 1373 1072 eujus
1402 1013 1515 1057 aversa
1538 1011 1587 1059 est
1623 999 1728 1083 ligura

172 1073 249 1140 stris
280 1065 430 1158 ee'gens
459 1073 493 1136 iu
534 1072 633 1140 reriis
663 1075 796 1157 Traiani
825 1075 923 1143 bellis
980 1097 1065 1148 stans
1098 1087 1356 1170 gubernaculum
1387 1094 1466 1158 item
1495 1097 1662 1164 inversum
1684 1117 1733 1167 te·

171 1173 259 1239 duce
280 1175 380 1239 Lusio
402 1174 518 1252 fuerit,
551 1175 699 1258 pluribus
722 1178 804 1242 loeis
826 1193 922 1245 testa·
978 1207 1078 1265 nens,
1100 1189 1222 1274 scripto
1242 1191 1346 1274 juxta:
1371 1193 1573 1277 CTOAOC,
1597 1206 1727 1278 classis,

168 1276 324 1354 turDio,
355 1279 489 1362 ejusque
506 1279 722 1342 testimonium
742 1282 920 1363 perennius
979 1287 1020 1351 de
1051 1311 1116 1375 quo
1145 1314 1244 1356 numo
1273 1297 1328 1379 egi
1358 1298 1505 1380 pluribus
1537 1302 1570 1363 in
1594 1317 1722 1366 moneta

169 1377 307 1440 exbibet
324 1379 473 1442 columna
493 1381 640 1464 Traiani,
663 1381 696 1446 in
713 1405 775 1466 qua
793 1385 920 1468 equites
979 1391 1201 1461 Nicomediae.
1244 1397 1296 1459 Ex
1327 1421 1392 1483 qno
1421 1417 1583 1484 apparet,
1626 1406 1726 1469 luisse

169 1479 280 1542 Mauri
298 1480 463 1565 linguntur
491 1479 609 1545 effreni
639 1504 736 1548 cursu
759 1485 793 1547 in
811 1487 920 1552 Dacos
979 1492 1063 1556 hauc
1092 1493 1209 1562 urbem
1239 1500 1338 1565 totius
1370 1502 1441 1584 ejus
1477 1517 1598 1569 tractus
1619 1527 1731 1570 narar-

171 1581 350 1648 irruentes.
982 1593 1086 1660 chida.

536 1669 556 1705 Φ
1342 1687 1361 1723 e

416 1717 435 1754 s
654 1718 674 1755 e
1223 1733 1242 1768 s
1461 1737 1480 1773 e

172 1787 546 1958 ,aovonivif'i'ie
577 1889 789 1958 uonsnn.
821 1893 854 1957 e.
882 1894 920 1958 e.
1099 1863 1145 1921 γ’
1162 1861 1214 1925 ²²²·
1229 1862 1295 1938 Hm
1317 1869 1352 1927 a
1371 1867 1453 1930 oren
1473 1872 1580 1935 uerte.
1595 1870 1627 1934 1·

172 1993 269 2066 Arc,
283 1992 362 2054 lrinc
376 1995 555 2075 imperator
568 2005 673 2068 stans,
689 1995 786 2057 illinc
797 1999 921 2076 genius
980 1955 1121 2024 NH'VS‘
1130 1960 1231 2026 Nilus
1244 1968 1439 2031 dewmb‘m
1455 1973 1487 2033 d·
1497 1975 1726 2053 ⁶⁰''m00l'500’

168 2093 324 2156 Moesiae
347 2095 378 2156 d.
401 2106 571 2177 poteram,
602 2115 628 2158 s.
643 2095 805 2158 incertum
827 2099 918 2178 quid.
978 2079 1005 2121 ³·
1023 2065 1236 2179 “mad-‘'¹¹⁶⁶'’
1251 2079 1286 2129 εἴ
1301 2070 1405 2131 ‘imni
1420 2071 1561 2154 Silingi
1574 2075 1728 2148 ‘'nullu-t.-

167 2194 240 2258 ΔΕ,
261 2196 285 2257 1,
303 2197 402 2277 (Mum
417 2197 525 2278 em.)
578 2205 583 2216 ·
973 2180 1035 2243 pro
1054 2165 1196 2244 pedibus
1211 2167 1478 2252 hippopotamus,
1510 2174 1601 2253 irffro
1618 2193 1728 2238 croco·

312 2299 358 2358 Vt
374 2299 428 2364 lit.
445 2297 491 2363 H.

168 2395 608 2466 susceceperunt&
628 2399 660 2463 S.
677 2397 714 2465 C.
732 2399 918 2481 Imperator

166 2517 266 2578 eques
279 2501 404 2562 milites
414 2501 617 2581 adloquitur.
638 2502 710 2566 ΛΕ.
727 2503 751 2565 1.
766 2501 895 2584 (Vnill.)

210 2599 262 2662 De
291 2598 448 2664 Hadriani
482 2603 515 2663 in
544 2602 701 2666 Moesiam
730 2604 849 2666 itinere
871 2603 918 2665 ni·

165 2701 213 2763 hil
236 2701 413 2787 prodidere
430 2717 572 2773 veteres.
595 2705 726 2783 Fuere,
757 2707 813 2790 qui
840 2726 916 2769 eum

167 2806 261 2869 Pinei
292 2806 438 2869 Moesiae
466 2806 646 2890 superioris
676 2807 797 2891 oppido
828 2810 915 2872 cele·

165 2907 279 2970 brasse
301 2908 396 2971 ludos
419 2929 459 2971 ex
482 2910 552 2993 ejus
573 2908 674 2992 ipsius
696 2929 795 2971 numo
819 2908 914 2971 adlit·

166 3022 307 3085 manent,
351 3010 409 3074 sed
433 3032 535 3095 ,qnam
566 3031 626 3073 nos
648 3012 840 3074 sententiam
863 3029 914 3073 re-

165 3110 339 3175 futavimus
368 3134 465 3197 supra
492 3112 525 3174 in
556 3112 662 3175 numis
685 3112 816 3194 Trnjani
837 3132 911 3197 pag.

165 3216 239 3287 aab.

164 3518 482 3589 uusrrrvrout.
499 3517 789 3586 NlCOblEDlAE.
808 3519 913 3602 Impe-

165 3626 413 3707 ratcr'togntus
429 3623 602 3687 mulierem
614 3642 702 3704 genn
706 3622 916 3707 flectentem,

163 3740 199 3787 et
221 3744 249 3790 s.
278 3725 541 3807 gubernaculum
562 3726 729 3787 inversum
751 3736 914 3788 tenentem

164 3826 330 3892 subleuat.
354 3824 424 3890 ΑΕ.
442 3826 468 3891 1.
484 3828 581 3899 (Mus.
601 3824 708 3899 Caes.)

208 3928 282 3991 Huc
308 3928 491 4010 pertinent,
523 3946 605 4011 quae
623 3948 722 4010 supra
740 3924 779 3988 ad
803 3926 914 4010 Bithy·

161 4028 267 4104 nium,
298 4028 390 4112 enjus
410 4029 602 4095 Nicomedia
621 4028 815 4111 metropolis
841 4028 911 4109 luit,

161 4128 324 4205 disserui,
365 4150 430 4215 quo
460 4131 538 4195 loco
565 4152 605 4195 ea
634 4130 731 4193 etiam
752 4128 912 4196 beneficia

164 4232 440 4309 commemorari,
472 4250 555 4316 quae
587 4230 737 4315 privatim
758 4232 793 4293 in
815 4232 911 4297 Nico·

159 4332 304 4397 medinm
335 4331 521 4397 Hadrianus
551 4334 699 4399 contulit.
743 4332 912 4397 Guberna-

159 4434 274 4499 culnm
293 4454 391 4499 manu
415 4446 505 4499 tenet
524 4436 664 4517 perinde
683 4449 779 4521 etque
802 4434 838 4497 in
857 4436 912 4499 Bi·

159 4534 271 4619 thyon
302 4535 337 4599 in
372 4554 471 4599 numo
503 4536 765 4633 supralaudato.
809 4538 911 4605 Ceusa

161 4652 230 4716 est,
253 4636 343 4723 quod
361 4650 547 4721 opportuno
568 4650 666 4722 portu
683 4638 840 4703 instructa
859 4663 912 4702 na·

161 4760 317 4804 resnou
347 4738 446 4803 modo
476 4738 510 4801 in
541 4740 749 4819 commercii,
793 4742 852 4805 sed
879 4755 913 4806 et

160 4842 242 4908 belli
256 4864 352 4909 nsum
379 4840 556 4912 serviturus
580 4840 613 4905 in
638 4856 709 4907 tuto
727 4844 911 4911 collocarit.

977 2263 1078 2326 dilus.
1101 2264 1174 2329 AV.
1192 2269 1262 2333 AR.
1280 2269 1351 2335 ΑΕ.
1370 2272 1394 2337 Ι.
1414 2270 1455 2335 ll.
1475 2275 1573 2345 (blus.
1586 2275 1694 2352 Caes.)

1121 2370 1168 2429 Vt
1182 2369 1233 2431 lli·
1247 2370 1289 2434 H.
1730 2394 1733 2399 ⁴

975 2465 1119 2536 Nlbvs,
1144 2469 1178 2532 S.
1194 2469 1230 2533 C.
1251 2469 1349 2535 Nilus
1363 2477 1584 2556 procumbens
1607 2479 1641 2541 d.
1658 2499 1729 2540 cor·

975 2573 1152 2654 nucopioe,
1165 2593 1226 2652 pro
1240 2575 1654 2661 pedibusbippopetomus,
1679 2585 1731 2643 in·

964 2669 1029 2754 fra
1047 2675 1251 2752 crocodilus,
1275 2677 1391 2758 plures
1412 2679 1521 2761 puelli
1542 2703 1651 2744 senem
1669 2699 1730 2743 cut

973 2774 1244 2849 circumsistunt,
1274 2788 1335 2837 cut
1356 2798 1418 2858 per
1442 2800 1562 2862 corpus
1599 2800 1728 2866 repunt.

972 2868 1041 2957 ᾼΕ.
1060 2872 1085 2931 l.
1103 2874 1144 2937 ll.
1169 2876 1268 2957 (blus.
1288 2876 1381 2943 Caes.
1392 2878 1509 2961 Vaill.)

1112 2976 1159 3037 Vt
1172 2976 1280 3042 liaH.

972 3072 1053 3139 S.C.
1079 3074 1170 3137 Idem
1188 3098 1322 3146 eversae
1344 3092 1455 3164 typus.
1489 3084 1557 3149 ΑΕ.
1577 3086 1600 3145 Ι.
1619 3086 1724 3169 (Mus.

972 3176 1081 3257 Caes.)

1015 3277 1108 3341 Nilus
1126 3280 1268 3366 Aegypti
1288 3283 1426 3349 illustris
1443 3285 1580 3365 llnvius,
1612 3300 1644 3350 ol
1659 3288 1725 3350 lla·

973 3378 1088 3444 driano
1099 3404 1226 3465 semper
1236 3388 1384 3463 neerbus,
1398 3392 1726 3474 semperdonoralus,

974 3483 1030 3569 qui
1054 3483 1187 3546 charum
1206 3485 1269 3547 sibi
1290 3488 1467 3552 Antinoum
1492 3512 1565 3554 sese
1588 3512 1650 3575 pro
1666 3492 1725 3553 im·

972 3586 1135 3669 peratoris
1158 3586 1264 3670 eapite
1301 3588 1520 3655 devoventem
1554 3608 1725 3669 merserat,

973 3685 1062 3772 quod
1081 3687 1164 3749 infra
1187 3688 1220 3748 in
1245 3687 1316 3771 ejus
1338 3692 1449 3753 amasii
1466 3707 1598 3757 moneta
1616 3694 1726 3777 cepio-

973 3788 1038 3853 sius
1069 3809 1262 3875 persequar.
1306 3792 1473 3857 Habemus
1501 3794 1534 3856 in
1570 3794 1725 3879 eleganti

971 3892 1032 3954 bus
1052 3890 1105 3953 his
1132 3894 1238 3955 nemis
1254 3894 1365 3957 Nilum
1391 3917 1466 3960 cum
1490 3896 1638 3960 omnibus
1656 3897 1722 3959 sois

973 3992 1153 4072 attributis,
1188 3995 1362 4075 arundine,
1402 3998 1567 4084 Sphinge,
1606 4016 1722 4062 eroco·

969 4096 1053 4174 dile,
1092 4096 1347 4181 hippopotamo,
1381 4101 1525 4184 puellis,
1563 4099 1633 4162 sive
1664 4120 1718 4163 cn·

968 4196 1061 4271 bitis,
1083 4196 1126 4259 de
1148 4198 1264 4280 quibus
1285 4200 1422 4284 singulis
1445 4204 1509 4265 lute
1532 4200 1659 4285 egimus
1684 4202 1717 4262 in

967 4297 1219 4382 Prolegomenis
1249 4300 1288 4365 ud
1324 4324 1441 4366 numos
1473 4302 1716 4365 Alexandrinos

966 4400 1280 4483 V01.1v.p.36.‚tn
1291 4404 1406 4488 quibus
1424 4402 1643 4486 perfrequens
1664 4418 1718 4467 eat
1782 4402 1789 4413 ’

965 4502 1033 4564 Nili
1048 4500 1167 4566 eodem
1184 4504 1281 4567 modo
1297 4504 1523 4569 decumbentis
1537 4506 1660 4589 imago.

1336 4607 1356 4641 1

1221 4652 1241 4687 fi
1450 4655 1468 4691 fi

1115 4745 1161 4804 Vt
1177 4742 1231 4805 lit.
1247 4740 1293 4808 H.

971 4842 1133 4913 exulte.
1159 4841 1431 5007 NORICVS.BS.
1465 4842 1502 4909 C.
1536 4849 1722 4936 Imperator

1416 4966 1436 5008 r
1456 4968 1476 5009 r
1495 4968 1514 5015 n
