<?xml version="1.0" encoding="UTF-8"?>
<!DOCTYPE html PUBLIC "-//W3C//DTD XHTML 1.0 Transitional//EN"
    "http://www.w3.org/TR/xhtml1/DTD/xhtml1-transitional.dtd">
<html xmlns="http://www.w3.org/1999/xhtml" xml:lang="en" lang="en">
 <head>
  <title>
</title>
<meta http-equiv="Content-Type" content="text/html;charset=utf-8" />
  <meta name='ocr-system' content='tesseract 3.04.00' />
  <meta name='ocr-capabilities' content='ocr_page ocr_carea ocr_par ocr_line ocrx_word'/>
</head>
<body>
  <div class='ocr_page' id='page_1' title='image "./doctrinanumorum01steigoog/doctrinanumorum01steigoog_0214.png"; bbox 0 0 4267 5500; ppageno 0'>
   <div class='ocr_carea' id='block_1_1' title="bbox 877 547 1402 652">
    <p class='ocr_par' dir='ltr' id='par_1_1' title="bbox 877 547 1402 652">
     <span class='ocr_line' id='line_1_1' title="bbox 877 547 1402 652; baseline -0.011 -26"><span class='ocrx_word' id='word_1_1' title='bbox 877 569 880 574; x_wconf 95' lang='lat'>·</span> <span class='ocrx_word' id='word_1_2' title='bbox 994 647 999 652; x_wconf 13' lang='lat'>⁸</span> <span class='ocrx_word' id='word_1_3' title='bbox 1112 547 1402 626; x_wconf 70' lang='lat' dir='ltr'><strong>nmmma</strong></span> 
     </span>
    </p>
   </div>
   <div class='ocr_carea' id='block_1_2' title="bbox 718 729 1744 822">
    <p class='ocr_par' dir='ltr' id='par_1_2' title="bbox 718 729 1744 822">
     <span class='ocr_line' id='line_1_2' title="bbox 718 729 1744 822; baseline -0.003 -7"><span class='ocrx_word' id='word_1_4' title='bbox 718 735 944 822; x_wconf 45' lang='grc' dir='ltr'><strong>ι’*</strong></span> <span class='ocrx_word' id='word_1_5' title='bbox 1517 729 1744 814; x_wconf 45' lang='lat' dir='ltr'><strong>&#39;U&#39;</strong></span> 
     </span>
    </p>
   </div>
   <div class='ocr_carea' id='block_1_3' title="bbox 452 828 2029 2022">
    <p class='ocr_par' dir='ltr' id='par_1_3' title="bbox 452 828 2029 2022">
     <span class='ocr_line' id='line_1_3' title="bbox 581 828 2001 914; baseline 0.001 -21"><span class='ocrx_word' id='word_1_6' title='bbox 581 840 686 906; x_wconf 70' lang='lat' dir='ltr'><strong>Numi</strong></span> <span class='ocrx_word' id='word_1_7' title='bbox 706 836 881 900; x_wconf 76' lang='lat' dir='ltr'><strong>commatis</strong></span> <span class='ocrx_word' id='word_1_8' title='bbox 892 831 1072 913; x_wconf 80' lang='lat' dir='ltr'><strong>peregrini.</strong></span> <span class='ocrx_word' id='word_1_9' title='bbox 1322 829 1480 898; x_wconf 85' lang='lat' dir='ltr'><strong>Coloniae</strong></span> <span class='ocrx_word' id='word_1_10' title='bbox 1501 828 1652 908; x_wconf 87' lang='lat' dir='ltr'><strong>uuioum,</strong></span> <span class='ocrx_word' id='word_1_11' title='bbox 1678 847 1820 914; x_wconf 84' lang='lat' dir='ltr'><strong>eumque</strong></span> <span class='ocrx_word' id='word_1_12' title='bbox 1840 829 2001 906; x_wconf 79' lang='lat' dir='ltr'><strong>incertae,</strong></span> 
     </span>
     <span class='ocr_line' id='line_1_4' title="bbox 458 915 1903 1020; baseline -0.014 -6"><span class='ocrx_word' id='word_1_13' title='bbox 458 1007 463 1014; x_wconf 84' lang='lat'>.</span> <span class='ocrx_word' id='word_1_14' title='bbox 557 933 725 1004; x_wconf 73' lang='grc' dir='ltr'><strong>ΛΡΟΤΣ·</strong></span> <span class='ocrx_word' id='word_1_15' title='bbox 755 927 1014 997; x_wconf 60' lang='grc' dir='ltr'>ΚΛΑΤΔῙΟΣ</span> <span class='ocrx_word' id='word_1_16' title='bbox 1041 921 1198 992; x_wconf 79' lang='grc' dir='ltr'>ΑΝΤΩ·</span> <span class='ocrx_word' id='word_1_17' title='bbox 1259 915 1427 1020; x_wconf 75' lang='lat' dir='ltr'><strong>¹vulgatum</strong></span> <span class='ocrx_word' id='word_1_18' title='bbox 1443 935 1577 1018; x_wconf 84' lang='lat' dir='ltr'>reperio</span> <span class='ocrx_word' id='word_1_19' title='bbox 1595 930 1680 1015; x_wconf 89' lang='lat' dir='ltr'><strong>apud</strong></span> <span class='ocrx_word' id='word_1_20' title='bbox 1693 929 1903 994; x_wconf 78' lang='lat' dir='ltr'><strong>Motelliumt</strong></span> 
     </span>
     <span class='ocr_line' id='line_1_5' title="bbox 549 1015 2002 1123; baseline -0.018 -17"><span class='ocrx_word' id='word_1_21' title='bbox 549 1040 649 1106; x_wconf 72' lang='grc' dir='ltr'><strong><em>Νιι..</em></strong></span> <span class='ocrx_word' id='word_1_22' title='bbox 674 1021 794 1123; x_wconf 71' lang='lat' dir='ltr'><strong>capita</strong></span> <span class='ocrx_word' id='word_1_23' title='bbox 808 1029 915 1099; x_wconf 66' lang='lat' dir='ltr'><strong>orsas</strong></span> <span class='ocrx_word' id='word_1_24' title='bbox 929 1036 1064 1108; x_wconf 69' lang='lat' dir='ltr'><strong>aarum,</strong></span> <span class='ocrx_word' id='word_1_25' title='bbox 1079 1043 1113 1094; x_wconf 69' lang='grc' dir='ltr'><strong><em>ιι</em></strong></span> <span class='ocrx_word' id='word_1_26' title='bbox 1128 1033 1200 1093; x_wconf 71' lang='lat' dir='ltr'><strong>Aa·</strong></span> <span class='ocrx_word' id='word_1_27' title='bbox 1350 1036 1484 1100; x_wconf 78' lang='lat' dir='ltr'><strong>uano</strong></span> <span class='ocrx_word' id='word_1_28' title='bbox 1506 1034 1666 1104; x_wconf 75' lang='lat' dir='ltr'><strong>curvo.</strong></span> <span class='ocrx_word' id='word_1_29' title='bbox 1690 1015 1881 1102; x_wconf 74' lang='lat' dir='ltr'><strong>unusvs</strong></span> <span class='ocrx_word' id='word_1_30' title='bbox 1901 1030 2002 1100; x_wconf 62' lang='lat' dir='ltr'><strong>aaa.</strong></span> 
     </span>
     <span class='ocr_line' id='line_1_6' title="bbox 552 1135 1846 1218; baseline -0.013 -12"><span class='ocrx_word' id='word_1_31' title='bbox 552 1147 666 1208; x_wconf 80' lang='lat' dir='ltr'><strong>tonine</strong></span> <span class='ocrx_word' id='word_1_32' title='bbox 684 1141 833 1206; x_wconf 74' lang='lat' dir='ltr'><strong>volutum</strong></span> <span class='ocrx_word' id='word_1_33' title='bbox 849 1158 884 1198; x_wconf 85' lang='lat' dir='ltr'><strong>se</strong></span> <span class='ocrx_word' id='word_1_34' title='bbox 899 1137 1125 1218; x_wconf 75' lang='lat' dir='ltr'><em>respicientia.</em></span> <span class='ocrx_word' id='word_1_35' title='bbox 1351 1137 1559 1206; x_wconf 79' lang='lat' dir='ltr'><strong>MANICVS.</strong></span> <span class='ocrx_word' id='word_1_36' title='bbox 1587 1137 1694 1218; x_wconf 81' lang='lat' dir='ltr'><strong>Caput</strong></span> <span class='ocrx_word' id='word_1_37' title='bbox 1710 1135 1846 1198; x_wconf 79' lang='lat' dir='ltr'><strong>nudum.</strong></span> 
     </span>
     <span class='ocr_line' id='line_1_7' title="bbox 455 1224 2001 1331; baseline -0.011 -18"><span class='ocrx_word' id='word_1_38' title='bbox 455 1253 563 1331; x_wconf 82' lang='lat' dir='ltr'><strong>Caput</strong></span> <span class='ocrx_word' id='word_1_39' title='bbox 587 1245 733 1308; x_wconf 75' lang='lat' dir='ltr'><strong>Claudii.</strong></span> <span class='ocrx_word' id='word_1_40' title='bbox 773 1240 846 1302; x_wconf 76' lang='lat' dir='ltr'><strong>AD.</strong></span> <span class='ocrx_word' id='word_1_41' title='bbox 883 1238 984 1316; x_wconf 79' lang='lat' dir='ltr'><strong>(Mus.</strong></span> <span class='ocrx_word' id='word_1_42' title='bbox 1014 1232 1198 1297; x_wconf 79' lang='lat' dir='ltr'><strong>christinae</strong></span> <span class='ocrx_word' id='word_1_43' title='bbox 1260 1242 1369 1321; x_wconf 76' lang='lat' dir='ltr'><strong>Caput</strong></span> <span class='ocrx_word' id='word_1_44' title='bbox 1396 1224 1541 1317; x_wconf 63' lang='lat' dir='ltr'><strong>nudum,</strong></span> <span class='ocrx_word' id='word_1_45' title='bbox 1581 1249 1615 1302; x_wconf 84' lang='lat' dir='ltr'><strong>et</strong></span> <span class='ocrx_word' id='word_1_46' title='bbox 1649 1236 1830 1321; x_wconf 75' lang='lat' dir='ltr'><em>epigraphe</em></span> <span class='ocrx_word' id='word_1_47' title='bbox 1860 1235 2001 1300; x_wconf 78' lang='lat' dir='ltr'><strong>claudii.</strong></span> 
     </span>
     <span class='ocr_line' id='line_1_8' title="bbox 452 1333 1439 1416; baseline -0.025 -3"><span class='ocrx_word' id='word_1_48' title='bbox 452 1348 572 1416; x_wconf 85' lang='lat' dir='ltr'><strong>tab.L.</strong></span> <span class='ocrx_word' id='word_1_49' title='bbox 599 1347 682 1408; x_wconf 78' lang='lat' dir='ltr'><strong>Mus.</strong></span> <span class='ocrx_word' id='word_1_50' title='bbox 704 1342 796 1405; x_wconf 86' lang='lat' dir='ltr'><strong>Caes.</strong></span> <span class='ocrx_word' id='word_1_51' title='bbox 824 1339 859 1400; x_wconf 91' lang='lat' dir='ltr'><strong>iu</strong></span> <span class='ocrx_word' id='word_1_52' title='bbox 886 1335 1042 1413; x_wconf 88' lang='lat' dir='ltr'><strong>Claudio,</strong></span> <span class='ocrx_word' id='word_1_53' title='bbox 1063 1333 1199 1398; x_wconf 84' lang='lat' dir='ltr'><strong>Morelli</strong></span> <span class='ocrx_word' id='word_1_54' title='bbox 1256 1343 1327 1403; x_wconf 76' lang='grc' dir='ltr'><strong>ΔΕ,</strong></span> <span class='ocrx_word' id='word_1_55' title='bbox 1348 1343 1439 1408; x_wconf 88' lang='lat'><strong>11</strong></span> 
     </span>
     <span class='ocr_line' id='line_1_9' title="bbox 452 1439 2003 1523; baseline -0.007 -10"><span class='ocrx_word' id='word_1_56' title='bbox 452 1448 615 1513; x_wconf 84' lang='lat' dir='ltr'><strong>inClaud.</strong></span> <span class='ocrx_word' id='word_1_57' title='bbox 631 1444 694 1508; x_wconf 87' lang='lat' dir='ltr'><strong>tab.</strong></span> <span class='ocrx_word' id='word_1_58' title='bbox 710 1443 815 1520; x_wconf 86' lang='lat' dir='ltr'><strong>Vlll.)</strong></span> <span class='ocrx_word' id='word_1_59' title='bbox 1143 1501 1145 1506; x_wconf 86' lang='grc'>,</span> <span class='ocrx_word' id='word_1_60' title='bbox 1319 1443 1564 1523; x_wconf 84' lang='lat' dir='ltr'><strong>Haveroampus</strong></span> <span class='ocrx_word' id='word_1_61' title='bbox 1596 1457 1730 1500; x_wconf 82' lang='lat' dir='ltr'><strong>numum</strong></span> <span class='ocrx_word' id='word_1_62' title='bbox 1762 1439 1851 1502; x_wconf 86' lang='lat' dir='ltr'><strong>huno</strong></span> <span class='ocrx_word' id='word_1_63' title='bbox 1881 1441 2003 1503; x_wconf 81' lang='lat' dir='ltr'><strong>Romae</strong></span> 
     </span>
     <span class='ocr_line' id='line_1_10' title="bbox 514 1536 2003 1627; baseline -0.005 -14"><span class='ocrx_word' id='word_1_64' title='bbox 514 1551 626 1614; x_wconf 80' lang='lat' dir='ltr'><strong>Alium</strong></span> <span class='ocrx_word' id='word_1_65' title='bbox 653 1543 751 1610; x_wconf 84' lang='lat' dir='ltr'><strong>rideo</strong></span> <span class='ocrx_word' id='word_1_66' title='bbox 774 1538 970 1604; x_wconf 83' lang='lat' dir='ltr'><strong>eberuditis</strong></span> <span class='ocrx_word' id='word_1_67' title='bbox 991 1537 1068 1600; x_wconf 87' lang='lat' dir='ltr'><strong>huia</strong></span> <span class='ocrx_word' id='word_1_68' title='bbox 1088 1539 1199 1600; x_wconf 82' lang='lat' dir='ltr'><strong>Druso</strong></span> <span class='ocrx_word' id='word_1_69' title='bbox 1258 1543 1418 1627; x_wconf 81' lang='lat' dir='ltr'><strong>signatum</strong></span> <span class='ocrx_word' id='word_1_70' title='bbox 1443 1553 1602 1616; x_wconf 79' lang='lat' dir='ltr'>autumat,</span> <span class='ocrx_word' id='word_1_71' title='bbox 1625 1553 1658 1600; x_wconf 83' lang='lat' dir='ltr'><strong>at</strong></span> <span class='ocrx_word' id='word_1_72' title='bbox 1683 1536 1778 1601; x_wconf 87' lang='lat' dir='ltr'><strong>deest</strong></span> <span class='ocrx_word' id='word_1_73' title='bbox 1803 1539 1838 1604; x_wconf 85' lang='lat' dir='ltr'><strong>S.</strong></span> <span class='ocrx_word' id='word_1_74' title='bbox 1856 1540 1893 1604; x_wconf 90' lang='lat' dir='ltr'><strong>C.</strong></span> <span class='ocrx_word' id='word_1_75' title='bbox 1915 1555 2003 1605; x_wconf 85' lang='lat' dir='ltr'><strong>certa</strong></span> 
     </span>
     <span class='ocr_line' id='line_1_11' title="bbox 452 1638 2029 1729; baseline -0.008 -12"><span class='ocrx_word' id='word_1_76' title='bbox 452 1653 572 1729; x_wconf 89' lang='lat' dir='ltr'><strong>tribui,</strong></span> <span class='ocrx_word' id='word_1_77' title='bbox 598 1651 632 1712; x_wconf 91' lang='lat' dir='ltr'><strong>in</strong></span> <span class='ocrx_word' id='word_1_78' title='bbox 655 1645 746 1728; x_wconf 84' lang='lat' dir='ltr'><strong>eujus</strong></span> <span class='ocrx_word' id='word_1_79' title='bbox 771 1663 885 1710; x_wconf 86' lang='lat' dir='ltr'><strong>aversa</strong></span> <span class='ocrx_word' id='word_1_80' title='bbox 910 1653 984 1702; x_wconf 85' lang='lat' dir='ltr'><strong>snut</strong></span> <span class='ocrx_word' id='word_1_81' title='bbox 1005 1639 1109 1724; x_wconf 77' lang='lat' dir='ltr'><strong>eapite</strong></span> <span class='ocrx_word' id='word_1_82' title='bbox 1137 1638 1202 1700; x_wconf 90' lang='lat' dir='ltr'><strong>TI·</strong></span> <span class='ocrx_word' id='word_1_83' title='bbox 1257 1659 1335 1708; x_wconf 83' lang='lat' dir='ltr'><strong>nota</strong></span> <span class='ocrx_word' id='word_1_84' title='bbox 1361 1645 1529 1712; x_wconf 83' lang='lat' dir='ltr'><strong>commatis</strong></span> <span class='ocrx_word' id='word_1_85' title='bbox 1550 1643 1591 1705; x_wconf 81' lang='lat' dir='ltr'><strong>Ii.</strong></span> <span class='ocrx_word' id='word_1_86' title='bbox 1607 1639 1744 1702; x_wconf 83' lang='lat' dir='ltr'><strong>Colonia</strong></span> <span class='ocrx_word' id='word_1_87' title='bbox 1763 1658 1887 1703; x_wconf 89' lang='lat' dir='ltr'><strong>nomen</strong></span> <span class='ocrx_word' id='word_1_88' title='bbox 1908 1665 2029 1722; x_wconf 78' lang='lat' dir='ltr'><strong>anum</strong></span> 
     </span>
     <span class='ocr_line' id='line_1_12' title="bbox 452 1740 2006 1826; baseline -0.016 -7"><span class='ocrx_word' id='word_1_89' title='bbox 452 1754 547 1818; x_wconf 84' lang='lat' dir='ltr'><strong>Berii</strong></span> <span class='ocrx_word' id='word_1_90' title='bbox 564 1765 598 1815; x_wconf 86' lang='lat' dir='ltr'><strong>et</strong></span> <span class='ocrx_word' id='word_1_91' title='bbox 614 1745 847 1820; x_wconf 79' lang='grc' dir='ltr'><strong><em>ΓΕΡιιιαιιίοἰ,</em></strong></span> <span class='ocrx_word' id='word_1_92' title='bbox 867 1742 926 1806; x_wconf 83' lang='lat' dir='ltr'><strong>aad</strong></span> <span class='ocrx_word' id='word_1_93' title='bbox 941 1743 1027 1805; x_wconf 90' lang='lat' dir='ltr'><strong>huno</strong></span> <span class='ocrx_word' id='word_1_94' title='bbox 1045 1740 1200 1802; x_wconf 79' lang='lat' dir='ltr'><strong>aliorsum</strong></span> <span class='ocrx_word' id='word_1_95' title='bbox 1257 1747 1407 1824; x_wconf 71' lang='lat' dir='ltr'><strong>reticuit,</strong></span> <span class='ocrx_word' id='word_1_96' title='bbox 1435 1759 1469 1810; x_wconf 72' lang='lat' dir='ltr'><strong>ut</strong></span> <span class='ocrx_word' id='word_1_97' title='bbox 1493 1745 1614 1808; x_wconf 67' lang='lat' dir='ltr'><strong>factum</strong></span> <span class='ocrx_word' id='word_1_98' title='bbox 1635 1763 1743 1826; x_wconf 72' lang='lat' dir='ltr'><strong>saepe.</strong></span> <span class='ocrx_word' id='word_1_99' title='bbox 1770 1745 1921 1806; x_wconf 65' lang='lat' dir='ltr'><strong>museum</strong></span> <span class='ocrx_word' id='word_1_100' title='bbox 1941 1765 2006 1810; x_wconf 69' lang='lat'><strong>„011</strong></span> 
     </span>
     <span class='ocr_line' id='line_1_13' title="bbox 454 1840 1943 1941; baseline -0.009 -22"><span class='ocrx_word' id='word_1_101' title='bbox 454 1855 645 1941; x_wconf 87' lang='lat' dir='ltr'><strong>pertinere,</strong></span> <span class='ocrx_word' id='word_1_102' title='bbox 674 1849 709 1910; x_wconf 91' lang='lat' dir='ltr'><strong>in</strong></span> <span class='ocrx_word' id='word_1_103' title='bbox 726 1845 834 1910; x_wconf 83' lang='lat' dir='ltr'><strong>numia</strong></span> <span class='ocrx_word' id='word_1_104' title='bbox 848 1840 1202 1929; x_wconf 72' lang='lat' dir='ltr'><strong>Drusijunioriapro·</strong></span> <span class='ocrx_word' id='word_1_105' title='bbox 1261 1850 1337 1916; x_wconf 88' lang='lat' dir='ltr'><strong>citat</strong></span> <span class='ocrx_word' id='word_1_106' title='bbox 1353 1847 1545 1926; x_wconf 83' lang='lat' dir='ltr'><strong>Morellius,</strong></span> <span class='ocrx_word' id='word_1_107' title='bbox 1566 1847 1600 1910; x_wconf 88' lang='lat' dir='ltr'><strong>in</strong></span> <span class='ocrx_word' id='word_1_108' title='bbox 1621 1863 1687 1930; x_wconf 83' lang='lat' dir='ltr'><strong>quo</strong></span> <span class='ocrx_word' id='word_1_109' title='bbox 1704 1843 1943 1912; x_wconf 31' lang='lat' dir='ltr'><strong>uumumvvidit.</strong></span> 
     </span>
     <span class='ocr_line' id='line_1_14' title="bbox 455 1953 704 2022; baseline -0.008 0"><span class='ocrx_word' id='word_1_110' title='bbox 455 1959 534 2022; x_wconf 87' lang='lat' dir='ltr'><strong>bare</strong></span> <span class='ocrx_word' id='word_1_111' title='bbox 549 1953 704 2022; x_wconf 84' lang='lat' dir='ltr'><strong>conabor.</strong></span> 
     </span>
    </p>
   </div>
   <div class='ocr_carea' id='block_1_4' title="bbox 654 2327 1002 2409">
    <p class='ocr_par' dir='ltr' id='par_1_4' title="bbox 654 2327 1002 2409">
     <span class='ocr_line' id='line_1_15' title="bbox 654 2327 1002 2409; baseline -0.012 -16.93"><span class='ocrx_word' id='word_1_112' title='bbox 654 2327 776 2404; x_wconf 78' lang='lat' dir='ltr'><strong>Aurei,</strong></span> <span class='ocrx_word' id='word_1_113' title='bbox 798 2340 832 2389; x_wconf 88' lang='lat' dir='ltr'><strong>et</strong></span> <span class='ocrx_word' id='word_1_114' title='bbox 853 2330 1002 2409; x_wconf 80' lang='lat' dir='ltr'><strong>argentei</strong></span> 
     </span>
    </p>
   </div>
   <div class='ocr_carea' id='block_1_5' title="bbox 656 2428 1716 2596">
    <p class='ocr_par' dir='ltr' id='par_1_5' title="bbox 656 2428 1706 2596">
     <span class='ocr_line' id='line_1_16' title="bbox 656 2428 1706 2496; baseline -0.012 -3"><span class='ocrx_word' id='word_1_115' title='bbox 656 2429 764 2496; x_wconf 76' lang='lat' dir='ltr'><strong>Aenei</strong></span> <span class='ocrx_word' id='word_1_116' title='bbox 789 2429 813 2488; x_wconf 91' lang='lat'><strong>1.</strong></span> <span class='ocrx_word' id='word_1_117' title='bbox 837 2428 962 2491; x_wconf 80' lang='lat' dir='ltr'><strong>formae</strong></span> <span class='ocrx_word' id='word_1_118' title='bbox 991 2463 1586 2486; x_wconf 89' lang='lat'>.......</span> <span class='ocrx_word' id='word_1_119' title='bbox 1697 2475 1706 2496; x_wconf 77' lang='lat'><strong>,</strong></span> 
     </span>
     <span class='ocr_line' id='line_1_17' title="bbox 777 2530 1716 2596; baseline -0.009 -6"><span class='ocrx_word' id='word_1_120' title='bbox 777 2531 818 2593; x_wconf 85' lang='lat'><strong>11.</strong></span> <span class='ocrx_word' id='word_1_121' title='bbox 840 2541 874 2590; x_wconf 82' lang='lat' dir='ltr'><strong>et</strong></span> <span class='ocrx_word' id='word_1_122' title='bbox 895 2530 939 2589; x_wconf 91' lang='lat'><strong>111</strong></span> <span class='ocrx_word' id='word_1_123' title='bbox 942 2563 1587 2596; x_wconf 87' lang='grc'><strong>........</strong></span> <span class='ocrx_word' id='word_1_124' title='bbox 1672 2532 1716 2596; x_wconf 92' lang='lat'>0</span> 
     </span>
    </p>
   </div>
   <div class='ocr_carea' id='block_1_6' title="bbox 656 2628 1802 2700">
    <p class='ocr_par' dir='ltr' id='par_1_6' title="bbox 656 2628 1802 2700">
     <span class='ocr_line' id='line_1_18' title="bbox 656 2628 1802 2700; baseline -0.003 -1"><span class='ocrx_word' id='word_1_125' title='bbox 656 2631 832 2699; x_wconf 83' lang='lat' dir='ltr'><strong>Graeuiet</strong></span> <span class='ocrx_word' id='word_1_126' title='bbox 852 2628 1055 2696; x_wconf 79' lang='lat' dir='ltr'><strong>coloniarum</strong></span> <span class='ocrx_word' id='word_1_127' title='bbox 1087 2668 1103 2683; x_wconf 94' lang='lat'><em>·</em></span> <span class='ocrx_word' id='word_1_128' title='bbox 1185 2667 1200 2684; x_wconf 89' lang='lat'><strong>·</strong></span> <span class='ocrx_word' id='word_1_129' title='bbox 1282 2672 1297 2688; x_wconf 89' lang='lat'><strong>·</strong></span> <span class='ocrx_word' id='word_1_130' title='bbox 1378 2669 1419 2700; x_wconf 82' lang='lat'><strong>·‚</strong></span> <span class='ocrx_word' id='word_1_131' title='bbox 1471 2670 1488 2686; x_wconf 89' lang='lat'><strong>·</strong></span> <span class='ocrx_word' id='word_1_132' title='bbox 1571 2667 1585 2685; x_wconf 93' lang='lat'><strong>·</strong></span> <span class='ocrx_word' id='word_1_133' title='bbox 1668 2633 1802 2697; x_wconf 61' lang='lat' dir='ltr'><strong>nunti</strong></span> 
     </span>
    </p>
   </div>
   <div class='ocr_carea' id='block_1_7' title="bbox 1024 3046 1435 3135">
    <p class='ocr_par' dir='ltr' id='par_1_7' title="bbox 1024 3046 1435 3135">
     <span class='ocr_line' id='line_1_19' title="bbox 1024 3046 1435 3135; baseline 0.002 -24"><span class='ocrx_word' id='word_1_134' title='bbox 1024 3046 1435 3135; x_wconf 69' lang='lat' dir='ltr'><strong>Auromrn</strong></span> 
     </span>
    </p>
   </div>
   <div class='ocr_carea' id='block_1_8' title="bbox 510 3210 2099 3294">
    <p class='ocr_par' dir='ltr' id='par_1_8' title="bbox 510 3210 2099 3294">
     <span class='ocr_line' id='line_1_20' title="bbox 510 3210 2099 3294; baseline -0.001 -15"><span class='ocrx_word' id='word_1_135' title='bbox 510 3218 602 3283; x_wconf 84' lang='lat' dir='ltr'><strong>&#39;Nata</strong></span> <span class='ocrx_word' id='word_1_136' title='bbox 622 3218 669 3278; x_wconf 81' lang='grc' dir='ltr'><strong>Μ.</strong></span> <span class='ocrx_word' id='word_1_137' title='bbox 684 3216 828 3279; x_wconf 78' lang='lat' dir='ltr'><strong>Antonio</strong></span> <span class='ocrx_word' id='word_1_138' title='bbox 849 3214 986 3289; x_wconf 76' lang='lat' dir='ltr'><strong>Divino,</strong></span> <span class='ocrx_word' id='word_1_139' title='bbox 1014 3226 1049 3277; x_wconf 84' lang='lat' dir='ltr'><strong>et</strong></span> <span class='ocrx_word' id='word_1_140' title='bbox 1070 3214 1206 3279; x_wconf 78' lang='lat' dir='ltr'><strong>Octavia</strong></span> <span class='ocrx_word' id='word_1_141' title='bbox 1262 3217 1327 3281; x_wconf 86' lang='lat' dir='ltr'><strong>hoo</strong></span> <span class='ocrx_word' id='word_1_142' title='bbox 1358 3229 1489 3280; x_wconf 89' lang='lat' dir='ltr'><strong>mortuo</strong></span> <span class='ocrx_word' id='word_1_143' title='bbox 1515 3216 1618 3279; x_wconf 80' lang='lat' dir='ltr'><strong>Drusi</strong></span> <span class='ocrx_word' id='word_1_144' title='bbox 1650 3210 1800 3279; x_wconf 79' lang='lat' dir='ltr'><strong>Caesaris</strong></span> <span class='ocrx_word' id='word_1_145' title='bbox 1829 3210 2009 3294; x_wconf 61' lang='lat' dir='ltr'><strong>conjuret</strong></span> <span class='ocrx_word' id='word_1_146' title='bbox 2098 3246 2099 3278; x_wconf 75' lang='lat' dir='ltr'><strong>t</strong></span> 
     </span>
    </p>
   </div>
   <div class='ocr_carea' id='block_1_9' title="bbox 456 3315 2098 3813">
    <p class='ocr_par' dir='ltr' id='par_1_9' title="bbox 456 3315 2098 3813">
     <span class='ocr_line' id='line_1_21' title="bbox 456 3315 2009 3402; baseline -0.003 -20"><span class='ocrx_word' id='word_1_147' title='bbox 456 3318 599 3402; x_wconf 77' lang='lat' dir='ltr'><strong>Augusti</strong></span> <span class='ocrx_word' id='word_1_148' title='bbox 628 3338 761 3392; x_wconf 82' lang='lat' dir='ltr'><strong>aurore,</strong></span> <span class='ocrx_word' id='word_1_149' title='bbox 791 3316 876 3379; x_wconf 78' lang='lat' dir='ltr'><strong>(licta</strong></span> <span class='ocrx_word' id='word_1_150' title='bbox 908 3315 1016 3377; x_wconf 89' lang='lat' dir='ltr'><strong>minor</strong></span> <span class='ocrx_word' id='word_1_151' title='bbox 1043 3339 1062 3377; x_wconf 88' lang='lat' dir='ltr'><strong>a</strong></span> <span class='ocrx_word' id='word_1_152' title='bbox 1090 3316 1206 3381; x_wconf 89' lang='lat' dir='ltr'><strong>Sueto·</strong></span> <span class='ocrx_word' id='word_1_153' title='bbox 1263 3317 1401 3382; x_wconf 77' lang='lat' dir='ltr'><strong>subinde</strong></span> <span class='ocrx_word' id='word_1_154' title='bbox 1423 3316 1585 3394; x_wconf 76' lang='lat' dir='ltr'><strong>carnifex,</strong></span> <span class='ocrx_word' id='word_1_155' title='bbox 1616 3316 1690 3402; x_wconf 89' lang='lat' dir='ltr'><strong>quia</strong></span> <span class='ocrx_word' id='word_1_156' title='bbox 1711 3316 1831 3398; x_wconf 75' lang='lat' dir='ltr'><strong>Seiano</strong></span> <span class='ocrx_word' id='word_1_157' title='bbox 1845 3315 1938 3398; x_wconf 81' lang='lat' dir='ltr'><strong>jungi</strong></span> <span class='ocrx_word' id='word_1_158' title='bbox 1955 3334 2009 3377; x_wconf 87' lang='lat' dir='ltr'><strong>cu·</strong></span> 
     </span>
     <span class='ocr_line' id='line_1_22' title="bbox 456 3414 2021 3505; baseline -0.005 -22"><span class='ocrx_word' id='word_1_159' title='bbox 456 3421 514 3483; x_wconf 89' lang='lat' dir='ltr'><strong>nio</strong></span> <span class='ocrx_word' id='word_1_160' title='bbox 540 3421 588 3500; x_wconf 89' lang='grc'><strong>·),</strong></span> <span class='ocrx_word' id='word_1_161' title='bbox 635 3432 668 3480; x_wconf 88' lang='lat' dir='ltr'><strong>et</strong></span> <span class='ocrx_word' id='word_1_162' title='bbox 702 3418 878 3481; x_wconf 80' lang='lat' dir='ltr'><strong>Plutarcho</strong></span> <span class='ocrx_word' id='word_1_163' title='bbox 901 3415 952 3496; x_wconf 82' lang='lat' dir='ltr'><strong>b)‚</strong></span> <span class='ocrx_word' id='word_1_164' title='bbox 991 3436 1065 3477; x_wconf 87' lang='lat' dir='ltr'><strong>nam</strong></span> <span class='ocrx_word' id='word_1_165' title='bbox 1102 3419 1207 3501; x_wconf 88' lang='lat' dir='ltr'><strong>major</strong></span> <span class='ocrx_word' id='word_1_166' title='bbox 1264 3420 1409 3504; x_wconf 71' lang='lat' dir='ltr'><strong>piperni,</strong></span> <span class='ocrx_word' id='word_1_167' title='bbox 1440 3434 1535 3505; x_wconf 86' lang='lat' dir='ltr'><strong>atque</strong></span> <span class='ocrx_word' id='word_1_168' title='bbox 1563 3420 1627 3482; x_wconf 89' lang='lat' dir='ltr'><strong>hoo</strong></span> <span class='ocrx_word' id='word_1_169' title='bbox 1651 3438 1746 3482; x_wconf 84' lang='lat' dir='ltr'><strong>caeso</strong></span> <span class='ocrx_word' id='word_1_170' title='bbox 1769 3416 1875 3480; x_wconf 76' lang='lat' dir='ltr'><strong>fertur</strong></span> <span class='ocrx_word' id='word_1_171' title='bbox 1898 3414 1939 3479; x_wconf 85' lang='lat' dir='ltr'><strong>ab</strong></span> <span class='ocrx_word' id='word_1_172' title='bbox 1960 3416 2021 3498; x_wconf 83' lang='lat' dir='ltr'><strong>ip-·</strong></span> 
     </span>
     <span class='ocr_line' id='line_1_23' title="bbox 459 3514 2098 3605; baseline -0.003 -22"><span class='ocrx_word' id='word_1_173' title='bbox 459 3533 560 3605; x_wconf 82' lang='lat' dir='ltr'><strong>nupta</strong></span> <span class='ocrx_word' id='word_1_174' title='bbox 592 3518 655 3581; x_wconf 86' lang='lat' dir='ltr'><strong>fuit</strong></span> <span class='ocrx_word' id='word_1_175' title='bbox 685 3519 831 3581; x_wconf 87' lang='lat' dir='ltr'><strong>Domitio</strong></span> <span class='ocrx_word' id='word_1_176' title='bbox 859 3514 1095 3581; x_wconf 57' lang='lat' dir='ltr'><strong>Ahenobarbo.</strong></span> <span class='ocrx_word' id='word_1_177' title='bbox 1140 3518 1208 3581; x_wconf 80' lang='lat' dir='ltr'><strong>Sed</strong></span> <span class='ocrx_word' id='word_1_178' title='bbox 1267 3545 1300 3585; x_wconf 83' lang='lat' dir='ltr'><strong>sa</strong></span> <span class='ocrx_word' id='word_1_179' title='bbox 1332 3536 1437 3585; x_wconf 80' lang='lat' dir='ltr'><strong>matre</strong></span> <span class='ocrx_word' id='word_1_180' title='bbox 1467 3522 1577 3584; x_wconf 83' lang='lat' dir='ltr'><strong>inedia</strong></span> <span class='ocrx_word' id='word_1_181' title='bbox 1605 3521 1818 3603; x_wconf 82' lang='lat' dir='ltr'><strong>interempta,</strong></span> <span class='ocrx_word' id='word_1_182' title='bbox 1849 3540 1943 3603; x_wconf 86' lang='lat' dir='ltr'><strong>quam</strong></span> <span class='ocrx_word' id='word_1_183' title='bbox 1972 3516 2010 3577; x_wconf 87' lang='lat' dir='ltr'><strong>li-</strong></span> <span class='ocrx_word' id='word_1_184' title='bbox 2097 3516 2098 3547; x_wconf 67' lang='lat'>³</span> 
     </span>
     <span class='ocr_line' id='line_1_24' title="bbox 460 3618 2011 3707; baseline -0.001 -23"><span class='ocrx_word' id='word_1_185' title='bbox 460 3621 592 3685; x_wconf 79' lang='lat' dir='ltr'><strong>Tacitus</strong></span> <span class='ocrx_word' id='word_1_186' title='bbox 613 3618 698 3683; x_wconf 86' lang='lat' dir='ltr'><strong>hane</strong></span> <span class='ocrx_word' id='word_1_187' title='bbox 719 3621 823 3684; x_wconf 86' lang='lat' dir='ltr'><strong>Drusi</strong></span> <span class='ocrx_word' id='word_1_188' title='bbox 849 3638 986 3681; x_wconf 81' lang='lat' dir='ltr'><strong>uxorem</strong></span> <span class='ocrx_word' id='word_1_189' title='bbox 1016 3633 1204 3683; x_wconf 82' lang='lat' dir='ltr'><strong>constanter</strong></span> <span class='ocrx_word' id='word_1_190' title='bbox 1261 3624 1325 3686; x_wconf 86' lang='lat' dir='ltr'><strong>lise</strong></span> <span class='ocrx_word' id='word_1_191' title='bbox 1343 3624 1506 3686; x_wconf 85' lang='lat' dir='ltr'><strong>scelerum</strong></span> <span class='ocrx_word' id='word_1_192' title='bbox 1521 3622 1664 3707; x_wconf 81' lang='lat' dir='ltr'><strong>pudebat</strong></span> <span class='ocrx_word' id='word_1_193' title='bbox 1678 3624 1726 3703; x_wconf 78' lang='lat' dir='ltr'><strong>e),</strong></span> <span class='ocrx_word' id='word_1_194' title='bbox 1740 3620 1890 3706; x_wconf 70' lang='lat' dir='ltr'><strong>¹‹lenique</strong></span> <span class='ocrx_word' id='word_1_195' title='bbox 1912 3622 2011 3685; x_wconf 74' lang='grc' dir='ltr'><strong><em>ΟΙαιι-</em></strong></span> 
     </span>
     <span class='ocr_line' id='line_1_25' title="bbox 457 3720 2097 3813; baseline -0.002 -27"><span class='ocrx_word' id='word_1_196' title='bbox 457 3723 616 3805; x_wconf 84' lang='lat' dir='ltr'><strong>majorem</strong></span> <span class='ocrx_word' id='word_1_197' title='bbox 640 3736 735 3787; x_wconf 80' lang='lat' dir='ltr'><strong>vocat</strong></span> <span class='ocrx_word' id='word_1_198' title='bbox 756 3724 797 3802; x_wconf 71' lang='grc' dir='ltr'><strong>ο).</strong></span> <span class='ocrx_word' id='word_1_199' title='bbox 833 3724 941 3803; x_wconf 85' lang='lat' dir='ltr'><strong>Nupta</strong></span> <span class='ocrx_word' id='word_1_200' title='bbox 961 3720 1087 3783; x_wconf 88' lang='lat' dir='ltr'><strong>Neroni</strong></span> <span class='ocrx_word' id='word_1_201' title='bbox 1109 3722 1202 3784; x_wconf 90' lang='lat' dir='ltr'><strong>Clau·</strong></span> <span class='ocrx_word' id='word_1_202' title='bbox 1253 3726 1360 3801; x_wconf 76' lang='lat' dir='ltr'><strong>&#39;dius‚</strong></span> <span class='ocrx_word' id='word_1_203' title='bbox 1405 3744 1503 3808; x_wconf 87' lang='lat' dir='ltr'><strong>quem</strong></span> <span class='ocrx_word' id='word_1_204' title='bbox 1540 3724 1756 3809; x_wconf 82' lang='lat' dir='ltr'><strong>imperantem</strong></span> <span class='ocrx_word' id='word_1_205' title='bbox 1791 3722 1906 3789; x_wconf 78' lang='lat' dir='ltr'><strong>videre</strong></span> <span class='ocrx_word' id='word_1_206' title='bbox 1945 3743 2009 3785; x_wconf 88' lang='lat' dir='ltr'><strong>am·</strong></span> <span class='ocrx_word' id='word_1_207' title='bbox 2096 3786 2097 3813; x_wconf 21' lang='grc' dir='ltr'><strong>ἶ</strong></span> 
     </span>
    </p>
   </div>
   <div class='ocr_carea' id='block_1_10' title="bbox 332 3822 2011 3909">
    <p class='ocr_par' dir='ltr' id='par_1_10' title="bbox 332 3822 2011 3909">
     <span class='ocr_line' id='line_1_26' title="bbox 332 3822 2011 3909; baseline -0.002 -21"><span class='ocrx_word' id='word_1_208' title='bbox 332 3891 336 3900; x_wconf 55' lang='grc'><strong>,</strong></span> <span class='ocrx_word' id='word_1_209' title='bbox 461 3824 519 3888; x_wconf 81' lang='lat' dir='ltr'><strong>dio</strong></span> <span class='ocrx_word' id='word_1_210' title='bbox 540 3827 651 3886; x_wconf 88' lang='lat' dir='ltr'><strong>Druso</strong></span> <span class='ocrx_word' id='word_1_211' title='bbox 673 3822 800 3886; x_wconf 80' lang='lat' dir='ltr'><strong>Tiberii</strong></span> <span class='ocrx_word' id='word_1_212' title='bbox 830 3824 923 3885; x_wconf 81' lang='lat' dir='ltr'><strong>fratri</strong></span> <span class='ocrx_word' id='word_1_213' title='bbox 952 3824 1096 3906; x_wconf 87' lang='lat' dir='ltr'><strong>plurium</strong></span> <span class='ocrx_word' id='word_1_214' title='bbox 1126 3822 1206 3884; x_wconf 90' lang='lat' dir='ltr'><strong>libe·</strong></span> <span class='ocrx_word' id='word_1_215' title='bbox 1265 3824 1349 3909; x_wconf 85' lang='lat' dir='ltr'><strong>plius</strong></span> <span class='ocrx_word' id='word_1_216' title='bbox 1372 3844 1437 3887; x_wconf 93' lang='lat' dir='ltr'><strong>uon</strong></span> <span class='ocrx_word' id='word_1_217' title='bbox 1458 3826 1560 3891; x_wconf 80' lang='lat' dir='ltr'><strong>licuit.</strong></span> <span class='ocrx_word' id='word_1_218' title='bbox 1591 3826 1709 3888; x_wconf 87' lang='lat' dir='ltr'><strong>Marito</strong></span> <span class='ocrx_word' id='word_1_219' title='bbox 1732 3825 1901 3886; x_wconf 78' lang='lat' dir='ltr'><strong>rarissimo</strong></span> <span class='ocrx_word' id='word_1_220' title='bbox 1923 3844 1942 3885; x_wconf 90' lang='lat' dir='ltr'><strong>e</strong></span> <span class='ocrx_word' id='word_1_221' title='bbox 1962 3824 2011 3885; x_wconf 83' lang='lat' dir='ltr'><strong>vi·</strong></span> 
     </span>
    </p>
   </div>
   <div class='ocr_carea' id='block_1_11' title="bbox 456 3922 2095 4421">
    <p class='ocr_par' dir='ltr' id='par_1_11' title="bbox 456 3922 2095 4421">
     <span class='ocr_line' id='line_1_27' title="bbox 458 3922 2008 4010; baseline -0.003 -19"><span class='ocrx_word' id='word_1_222' title='bbox 458 3947 573 3991; x_wconf 91' lang='lat' dir='ltr'><strong>rorum</strong></span> <span class='ocrx_word' id='word_1_223' title='bbox 595 3938 701 3987; x_wconf 87' lang='lat' dir='ltr'><strong>mater</strong></span> <span class='ocrx_word' id='word_1_224' title='bbox 722 3924 846 3987; x_wconf 82' lang='lat' dir='ltr'><strong>exstitit</strong></span> <span class='ocrx_word' id='word_1_225' title='bbox 864 3922 914 4005; x_wconf 84' lang='lat' dir='ltr'><strong>d)‚</strong></span> <span class='ocrx_word' id='word_1_226' title='bbox 950 3946 992 3987; x_wconf 80' lang='lat' dir='ltr'><strong>ex</strong></span> <span class='ocrx_word' id='word_1_227' title='bbox 1015 3924 1132 4009; x_wconf 87' lang='lat' dir='ltr'><strong>quibus</strong></span> <span class='ocrx_word' id='word_1_228' title='bbox 1153 3947 1207 4008; x_wconf 86' lang='lat' dir='ltr'><strong>pa·</strong></span> <span class='ocrx_word' id='word_1_229' title='bbox 1253 3926 1313 3990; x_wconf 69' lang='lat' dir='ltr'><strong>ria</strong></span> <span class='ocrx_word' id='word_1_230' title='bbox 1334 3940 1467 4010; x_wconf 84' lang='lat' dir='ltr'><strong>erepto,</strong></span> <span class='ocrx_word' id='word_1_231' title='bbox 1496 3928 1557 3989; x_wconf 84' lang='lat' dir='ltr'><strong>etsi</strong></span> <span class='ocrx_word' id='word_1_232' title='bbox 1574 3926 1820 3989; x_wconf 84' lang='lat' dir='ltr'><strong>florensforma</strong></span> <span class='ocrx_word' id='word_1_233' title='bbox 1838 3940 1873 3989; x_wconf 84' lang='lat' dir='ltr'><strong>et</strong></span> <span class='ocrx_word' id='word_1_234' title='bbox 1890 3940 2008 4001; x_wconf 83' lang='lat' dir='ltr'><strong>aetate,</strong></span> 
     </span>
     <span class='ocr_line' id='line_1_28' title="bbox 457 4026 2009 4113; baseline -0.001 -23"><span class='ocrx_word' id='word_1_235' title='bbox 457 4026 520 4104; x_wconf 84' lang='lat' dir='ltr'><strong>tri,</strong></span> <span class='ocrx_word' id='word_1_236' title='bbox 550 4046 650 4111; x_wconf 88' lang='lat' dir='ltr'><strong>quem</strong></span> <span class='ocrx_word' id='word_1_237' title='bbox 678 4047 766 4089; x_wconf 86' lang='lat' dir='ltr'><strong>mors</strong></span> <span class='ocrx_word' id='word_1_238' title='bbox 794 4041 999 4109; x_wconf 84' lang='lat' dir='ltr'><strong>praematura</strong></span> <span class='ocrx_word' id='word_1_239' title='bbox 1024 4027 1065 4093; x_wconf 86' lang='lat' dir='ltr'><strong>V.</strong></span> <span class='ocrx_word' id='word_1_240' title='bbox 1083 4026 1119 4089; x_wconf 86' lang='lat' dir='ltr'><strong>C.</strong></span> <span class='ocrx_word' id='word_1_241' title='bbox 1142 4029 1205 4109; x_wconf 72' lang='lat'><strong>745</strong></span> <span class='ocrx_word' id='word_1_242' title='bbox 1264 4029 1382 4091; x_wconf 83' lang='lat' dir='ltr'><strong>alteras</strong></span> <span class='ocrx_word' id='word_1_243' title='bbox 1417 4030 1544 4113; x_wconf 84' lang='lat' dir='ltr'><strong>nuptias</strong></span> <span class='ocrx_word' id='word_1_244' title='bbox 1580 4040 1726 4093; x_wconf 84' lang='lat' dir='ltr'><strong>aversata</strong></span> <span class='ocrx_word' id='word_1_245' title='bbox 1760 4040 1829 4103; x_wconf 84' lang='lat' dir='ltr'><strong>est,</strong></span> <span class='ocrx_word' id='word_1_246' title='bbox 1871 4028 2009 4112; x_wconf 74' lang='lat' dir='ltr'><strong>egregia</strong></span> 
     </span>
     <span class='ocr_line' id='line_1_29' title="bbox 461 4128 2009 4213; baseline 0 -22"><span class='ocrx_word' id='word_1_247' title='bbox 461 4128 610 4204; x_wconf 80' lang='lat' dir='ltr'><strong>abstulit,</strong></span> <span class='ocrx_word' id='word_1_248' title='bbox 643 4129 838 4211; x_wconf 82' lang='lat' dir='ltr'><strong>superstites</strong></span> <span class='ocrx_word' id='word_1_249' title='bbox 867 4130 961 4191; x_wconf 81' lang='lat' dir='ltr'><strong>fuere</strong></span> <span class='ocrx_word' id='word_1_250' title='bbox 989 4128 1208 4192; x_wconf 82' lang='lat' dir='ltr'><strong>Germanicus</strong></span> <span class='ocrx_word' id='word_1_251' title='bbox 1254 4128 1328 4192; x_wconf 83' lang='lat' dir='ltr'><strong>&#39;fide</strong></span> <span class='ocrx_word' id='word_1_252' title='bbox 1347 4130 1454 4192; x_wconf 88' lang='lat' dir='ltr'><strong>mariti</strong></span> <span class='ocrx_word' id='word_1_253' title='bbox 1472 4150 1618 4193; x_wconf 89' lang='lat' dir='ltr'><strong>amorem</strong></span> <span class='ocrx_word' id='word_1_254' title='bbox 1636 4128 1805 4212; x_wconf 83' lang='lat' dir='ltr'><strong>pensando</strong></span> <span class='ocrx_word' id='word_1_255' title='bbox 1827 4128 1863 4211; x_wconf 75' lang='lat' dir='ltr'><strong>s).</strong></span> <span class='ocrx_word' id='word_1_256' title='bbox 1894 4130 2009 4213; x_wconf 79' lang='lat' dir='ltr'><strong>Caium</strong></span> 
     </span>
     <span class='ocr_line' id='line_1_30' title="bbox 456 4230 2095 4316; baseline 0 -23"><span class='ocrx_word' id='word_1_257' title='bbox 456 4244 626 4295; x_wconf 84' lang='lat' dir='ltr'><strong>maternae</strong></span> <span class='ocrx_word' id='word_1_258' title='bbox 655 4230 784 4295; x_wconf 81' lang='lat' dir='ltr'><strong>virtutis</strong></span> <span class='ocrx_word' id='word_1_259' title='bbox 814 4230 980 4306; x_wconf 82' lang='lat' dir='ltr'><strong>aemulus,</strong></span> <span class='ocrx_word' id='word_1_260' title='bbox 1018 4230 1079 4293; x_wconf 85' lang='lat' dir='ltr'><strong>sed</strong></span> <span class='ocrx_word' id='word_1_261' title='bbox 1108 4251 1206 4316; x_wconf 90' lang='lat' dir='ltr'><strong>quem</strong></span> <span class='ocrx_word' id='word_1_262' title='bbox 1264 4232 1452 4309; x_wconf 83' lang='lat' dir='ltr'><strong>Caesarem,</strong></span> <span class='ocrx_word' id='word_1_263' title='bbox 1482 4233 1603 4295; x_wconf 87' lang='lat' dir='ltr'><strong>dietum</strong></span> <span class='ocrx_word' id='word_1_264' title='bbox 1626 4232 1825 4316; x_wconf 83' lang='lat' dir='ltr'><strong>Caligulam,</strong></span> <span class='ocrx_word' id='word_1_265' title='bbox 1846 4252 1940 4293; x_wconf 81' lang='lat' dir='ltr'><strong>auum</strong></span> <span class='ocrx_word' id='word_1_266' title='bbox 1963 4250 2012 4293; x_wconf 86' lang='lat' dir='ltr'><strong>ex</strong></span> <span class='ocrx_word' id='word_1_267' title='bbox 2094 4296 2095 4311; x_wconf 13' lang='grc' dir='ltr'>χ</span> 
     </span>
     <span class='ocr_line' id='line_1_31' title="bbox 457 4312 2095 4421; baseline -0.001 -26"><span class='ocrx_word' id='word_1_268' title='bbox 457 4334 529 4419; x_wconf 86' lang='lat' dir='ltr'><strong>ipsa</strong></span> <span class='ocrx_word' id='word_1_269' title='bbox 556 4334 683 4395; x_wconf 90' lang='lat' dir='ltr'><strong>tumulo</strong></span> <span class='ocrx_word' id='word_1_270' title='bbox 710 4330 827 4394; x_wconf 85' lang='lat' dir='ltr'><strong>inferri</strong></span> <span class='ocrx_word' id='word_1_271' title='bbox 855 4330 952 4407; x_wconf 71' lang='lat' dir='ltr'><strong>uidit,</strong></span> <span class='ocrx_word' id='word_1_272' title='bbox 989 4331 1107 4407; x_wconf 80' lang='lat' dir='ltr'><strong>Livia,</strong></span> <span class='ocrx_word' id='word_1_273' title='bbox 1147 4346 1224 4395; x_wconf 61' lang='lat' dir='ltr'><strong>seu*</strong></span> <span class='ocrx_word' id='word_1_274' title='bbox 1258 4332 1331 4395; x_wconf 78' lang='lat' dir='ltr'><strong>lilio</strong></span> <span class='ocrx_word' id='word_1_275' title='bbox 1355 4334 1550 4403; x_wconf 83' lang='lat' dir='ltr'><strong>Germanico</strong></span> <span class='ocrx_word' id='word_1_276' title='bbox 1572 4348 1743 4421; x_wconf 86' lang='lat' dir='ltr'><strong>nepotem,</strong></span> <span class='ocrx_word' id='word_1_277' title='bbox 1771 4346 2014 4417; x_wconf 84' lang='lat' dir='ltr'><strong>postmortem</strong></span> <span class='ocrx_word' id='word_1_278' title='bbox 2094 4312 2095 4363; x_wconf 72' lang='lat' dir='ltr'><strong>l</strong></span> 
     </span>
    </p>
   </div>
   <div class='ocr_carea' id='block_1_12' title="bbox 459 4432 2016 4534">
    <p class='ocr_par' dir='ltr' id='par_1_12' title="bbox 459 4432 2016 4534">
     <span class='ocr_line' id='line_1_32' title="bbox 459 4432 2016 4534; baseline -0.001 -36"><span class='ocrx_word' id='word_1_279' title='bbox 459 4436 609 4514; x_wconf 79' lang='lat' dir='ltr'><strong>Liuilla,</strong></span> <span class='ocrx_word' id='word_1_280' title='bbox 647 4455 741 4534; x_wconf 64' lang='lat' dir='ltr'><strong>uxor¹</strong></span> <span class='ocrx_word' id='word_1_281' title='bbox 766 4433 908 4518; x_wconf 85' lang='lat' dir='ltr'><strong>primum</strong></span> <span class='ocrx_word' id='word_1_282' title='bbox 939 4432 1008 4514; x_wconf 86' lang='lat' dir='ltr'><strong>Caji</strong></span> <span class='ocrx_word' id='word_1_283' title='bbox 1039 4432 1206 4511; x_wconf 77' lang='lat' dir='ltr'><strong>Caesaris,</strong></span> <span class='ocrx_word' id='word_1_284' title='bbox 1255 4434 1376 4499; x_wconf 81' lang='lat' dir='ltr'><strong>&#39;Liviae</strong></span> <span class='ocrx_word' id='word_1_285' title='bbox 1403 4438 1449 4498; x_wconf 52' lang='lat' dir='ltr'><strong>in*</strong></span> <span class='ocrx_word' id='word_1_286' title='bbox 1467 4436 1599 4501; x_wconf 83' lang='lat' dir='ltr'><strong>domum</strong></span> <span class='ocrx_word' id='word_1_287' title='bbox 1627 4458 1716 4502; x_wconf 88' lang='lat' dir='ltr'><strong>suam</strong></span> <span class='ocrx_word' id='word_1_288' title='bbox 1744 4434 1888 4525; x_wconf 86' lang='lat' dir='ltr'><strong>reoepit,</strong></span> <span class='ocrx_word' id='word_1_289' title='bbox 1909 4454 2016 4497; x_wconf 77' lang='lat' dir='ltr'><strong>eum·</strong></span> 
     </span>
    </p>
   </div>
   <div class='ocr_carea' id='block_1_13' title="bbox 464 4677 2093 4887">
    <p class='ocr_par' dir='ltr' id='par_1_13' title="bbox 464 4677 2093 4887">
     <span class='ocr_line' id='line_1_33' title="bbox 499 4677 2093 4770; baseline 0.003 -22"><span class='ocrx_word' id='word_1_290' title='bbox 499 4697 531 4765; x_wconf 84' lang='lat' dir='ltr'><strong>a)</strong></span> <span class='ocrx_word' id='word_1_291' title='bbox 550 4696 583 4751; x_wconf 93' lang='lat' dir='ltr'><strong>ln</strong></span> <span class='ocrx_word' id='word_1_292' title='bbox 596 4695 703 4756; x_wconf 82' lang='lat' dir='ltr'><strong>claud.</strong></span> <span class='ocrx_word' id='word_1_293' title='bbox 719 4709 779 4757; x_wconf 72' lang='lat' dir='ltr'><strong>aa</strong></span> <span class='ocrx_word' id='word_1_294' title='bbox 852 4693 888 4765; x_wconf 89' lang='lat' dir='ltr'><strong>b)</strong></span> <span class='ocrx_word' id='word_1_295' title='bbox 907 4694 939 4749; x_wconf 87' lang='lat' dir='ltr'><strong>in</strong></span> <span class='ocrx_word' id='word_1_296' title='bbox 956 4696 996 4758; x_wconf 82' lang='grc' dir='ltr'><strong>Μ,</strong></span> <span class='ocrx_word' id='word_1_297' title='bbox 1009 4694 1118 4758; x_wconf 77' lang='lat' dir='ltr'><strong>Anton.</strong></span> <span class='ocrx_word' id='word_1_298' title='bbox 1130 4694 1198 4756; x_wconf 82' lang='lat' dir='ltr'><strong>sub.</strong></span> <span class='ocrx_word' id='word_1_299' title='bbox 1211 4693 1261 4753; x_wconf 85' lang='lat' dir='ltr'><strong>fin.</strong></span> <span class='ocrx_word' id='word_1_300' title='bbox 1336 4696 1368 4766; x_wconf 85' lang='lat' dir='ltr'><strong>a)</strong></span> <span class='ocrx_word' id='word_1_301' title='bbox 1387 4677 1755 4763; x_wconf 63' lang='lat' dir='ltr'><strong>sufflammat„</strong></span> <span class='ocrx_word' id='word_1_302' title='bbox 1830 4696 1863 4770; x_wconf 75' lang='lat' dir='ltr'><strong>sl)</strong></span> <span class='ocrx_word' id='word_1_303' title='bbox 1881 4695 1963 4754; x_wconf 80' lang='lat' dir='ltr'><strong>Suet.</strong></span> <span class='ocrx_word' id='word_1_304' title='bbox 1979 4698 2014 4753; x_wconf 89' lang='lat' dir='ltr'><strong>in</strong></span> <span class='ocrx_word' id='word_1_305' title='bbox 2092 4738 2093 4753; x_wconf 40' lang='lat'>1</span> 
     </span>
     <span class='ocr_line' id='line_1_34' title="bbox 464 4780 1534 4887; baseline 0.012 -48"><span class='ocrx_word' id='word_1_306' title='bbox 464 4780 569 4843; x_wconf 83' lang='lat' dir='ltr'><strong>Claud.</strong></span> <span class='ocrx_word' id='word_1_307' title='bbox 584 4804 609 4846; x_wconf 85' lang='lat' dir='ltr'><strong>c.</strong></span> <span class='ocrx_word' id='word_1_308' title='bbox 620 4801 644 4847; x_wconf 86' lang='lat' dir='ltr'><strong>t.</strong></span> <span class='ocrx_word' id='word_1_309' title='bbox 719 4789 750 4861; x_wconf 87' lang='lat' dir='ltr'><strong>e)</strong></span> <span class='ocrx_word' id='word_1_310' title='bbox 768 4784 826 4846; x_wconf 88' lang='lat' dir='ltr'><strong>Diu</strong></span> <span class='ocrx_word' id='word_1_311' title='bbox 838 4784 983 4851; x_wconf 65' lang='lat' dir='ltr'><strong>CLVIIL</strong></span> <span class='ocrx_word' id='word_1_312' title='bbox 997 4788 1021 4862; x_wconf 79' lang='lat'><strong>§.</strong></span> <span class='ocrx_word' id='word_1_313' title='bbox 1033 4800 1074 4849; x_wconf 87' lang='lat' dir='ltr'><strong>tt.</strong></span> <span class='ocrx_word' id='word_1_314' title='bbox 1148 4783 1260 4887; x_wconf 60' lang='lat' dir='ltr'><strong>Ollal.</strong></span> <span class='ocrx_word' id='word_1_315' title='bbox 1274 4786 1350 4848; x_wconf 79' lang='lat' dir='ltr'><strong>Max.</strong></span> <span class='ocrx_word' id='word_1_316' title='bbox 1364 4786 1398 4847; x_wconf 83' lang='lat' dir='ltr'><strong>L·</strong></span> <span class='ocrx_word' id='word_1_317' title='bbox 1408 4786 1458 4851; x_wconf 79' lang='lat' dir='ltr'><strong>lv.</strong></span> <span class='ocrx_word' id='word_1_318' title='bbox 1473 4790 1498 4859; x_wconf 85' lang='lat'><strong>§·</strong></span> <span class='ocrx_word' id='word_1_319' title='bbox 1507 4799 1534 4853; x_wconf 62' lang='grc' dir='ltr'><strong>ὅ.</strong></span> 
     </span>
    </p>
   </div>
   <div class='ocr_carea' id='block_1_14' title="bbox 0 0 2154 5500">
    <p class='ocr_par' dir='ltr' id='par_1_14' title="bbox 0 0 2154 5500">
     <span class='ocr_line' id='line_1_35' title="bbox 0 0 2154 5500; baseline 0 0"><span class='ocrx_word' id='word_1_320' title='bbox 0 0 2154 5500; x_wconf 95' lang='lat' dir='ltr'><strong> </strong></span> 
     </span>
    </p>
   </div>
  </div>
 </body>
</html>
