4267 5500
722 588 775 689 u.
804 578 1134 668 auroutva
1467 695 1473 700 ι
1650 609 1695 691 tt

143 755 385 822 PONTIFEX.
412 756 566 856 Mauris,
585 767 617 821 et
634 739 699 822 duo'
715 762 894 844 simpuvio.
953 759 1105 826 denarius
1122 759 1177 827 laic
1191 758 1422 845 adjudicandus
1434 761 1601 842 rideatur,
1625 785 1699 841 oum

141 859 215 923 att.
235 861 339 942 (Mus.
354 861 471 942 Caes.)
952 876 1092 949 uterque
1114 877 1149 927 et
1162 865 1360 946 proconsul,
1382 878 1416 928 et
1429 877 1568 950 uterque
1584 866 1619 928 in
1633 869 1701 931 Ma-

207 960 266 1024 Lis
284 974 336 1026 est
350 963 440 1028 inter
464 961 679 1048 antiquarios,
705 963 771 1026 atri
789 981 831 1027 ex
847 962 897 1026 lti'·
953 963 1092 1028 cedonia
1123 965 1234 1033 inerit.
1289 967 1405 1030 Tutius
1433 980 1543 1040 tamen
1572 969 1702 1037 videtur

139 1063 195 1127 nit
216 1063 387 1143 Antoniis,
419 1065 537 1151 quibua
555 1064 589 1126 in
610 1079 819 1150 praesentem
838 1064 896 1131 de·
952 1063 1130 1132 inhaerere
1170 1069 1351 1136 sententiae
1390 1071 1571 1144 communi,
1617 1090 1700 1157 quae

137 1167 269 1230 mum
283 1166 334 1250 ius
352 1181 425 1244 eat,
455 1167 607 1231 denarius
629 1169 688 1238 hie
703 1167 895 1232 tribuendus
951 1168 1059 1234 Illviri
1083 1168 1178 1233 fratri
1201 1193 1336 1234 numum
1362 1173 1518 1254 largiturt
1543 1192 1618 1238 nam
1641 1172 1701 1236 hu·

138 1271 194 1334 ait.
243 1271 372 1334 Eorum
390 1291 473 1332 uuus
497 1285 547 1334 est
568 1269 607 1338 C'.
627 1270 791 1339 Antoniae
810 1293 894 1337 msa*-
951 1268 1002 1348 jue
1033 1284 1143 1334 aetate
1169 1273 1274 1356 major
1300 1273 1363 1334 fuit
1389 1273 1525 1338 lieentia·
1551 1288 1703 1340 monetae

138 1371 173 1436 ei
208 1371 329 1450 traam,
368 1371 412 1434 do
438 1390 512 1457 qao
535 1369 653 1438 Cicero
670 1377 717 1456 ·)a
763 1389 838 1438 erar
859 1377 893 1439 er·
949 1371 1194 1456 magistratuum
1215 1376 1358 1439 nomine·
1376 1375 1562 1455 cudendae,
1595 1376 1643 1440 uti
1667 1391 1703 1441 et

140 1475 204 1554 (ld.
222 1473 387 1558 Antonio)
408 1495 482 1558 spes
507 1495 575 1538 urta
607 1479 646 1538 in
670 1476 890 1553 aAntorto,
949 1472 1103 1556 copiosos
1139 1474 1274 1540 Meritis
1309 1475 1420 1540 fratris
1450 1478 1547 1542 Lucii
1584 1501 1701 1544 numos

139 1580 201 1654 qai
228 1579 368 1638 duorum
386 1577 539 1664 flatrum
572 1574 694 1660 (Marci
720 1591 755 1640 et
779 1577 891 1663 Irueiip
948 1573 1124 1653 habemus,
1155 1575 1199 1640 de
1221 1577 1337 1663 quibus
1358 1576 1403 1642 ad
1421 1601 1539 1643 annom
1561 1602 1700 1667 sequen·

140 1679 312 1742 aetatibus
331 1680 462 1742 medius
483 1679 676 1756 interjectus
698 1681 795 1742 uitiis
816 1677 910 1742 cum'
948 1689 1030 1743 tem.
1056 1678 1173 1761 Neque
1195 1667 1308 1755 obest,
1330 1699 1406 1743 eum
1427 1704 1447 1745 a
1460 1683 1565 1747 Bruto
1589 1685 1700 1749 erolu-

141 1793 279 1860 utrooue
293 1780 537 1860 cunctamur·
555 1794 715 1859 tunquam
735 1782 893 1844 extrudar·
949 1799 1020 1841 sum
1041 1779 1242 1862 provinciam
1260 1801 1424 1866 nunquam
1440 1783 1601 1862 tenuisse,
1623 1807 1699 1848 nam

140 1893 233 1943 retur
252 1901 274 1944 u
297 1895 418 1946 senatu
436 1885 474 1944 ira
491 1881 743 1959 Macedoniam,
771 1893 807 1945 et
825 1901 892 1944 non
950 1879 1091 1957 adeam,
1110 1882 1172 1944 etsi
1188 1903 1251 1965 per
1263 1883 1356 1946 nefas
1374 1883 1556 1962 decretam,
1579 1887 1630 1970 jus
1646 1886 1701 1951 ha·

140 1995 258 2046 contro
273 1983 523 2066 prohiberetur,
540 1986 593 2044 ito
610 1985 769 2048 cucurrit.
788 1983 831 2050 V.
850 1983 888 2048 C.
942 1981 1037 2066 ptuit,
1063 1981 1104 2045 ad
1123 2003 1260 2068 eamque
1271 1985 1450 2069 regendam
1472 1986 1557 2050 urbe
1584 1987 1698 2065 exirit,

139 2103 201 2166 7¹⁰
216 2083 327 2148 fratre
336 2087 453 2148 Marco
469 2084 625 2162 consula,
665 2083 766 2148 fratre
782 2085 886 2149 Lucio
948 2095 982 2146 et
997 2097 1124 2147 coenat
1142 2105 1185 2146 ax
1199 2085 1367 2149 Cicerone·
1378 2085 1430 2170 d),
1449 2087 1535 2150 huuc
1552 2088 1698 2154 CAnto·

140 2183 276 2249 miliano
298 2187 346 2271 pl.
370 2187 441 2271 ipse
464 2199 600 2270 praetor
626 2181 749 2268 totth).
784 2188 889 2252 Caeso
946 2185 1400 2270 niumaemperproviuciam
1416 2189 1642 2254 Macedoniam
1661 2191 1696 2253 in

141 2285 301 2352 dictatore
325 2292 475 2365 Marcus,
505 2289 657 2374 quoniam
686 2288 890 2373 provinciam
949 2307 1008 2354 ore
1032 2286 1204 2355 habuisse.

140 2388 278 2453 Galliam
302 2391 346 2456 D.
365 2392 469 2454 Bruto
497 2392 689 2475 praeripere
715 2391 891 2456 meditabo·
1011 2391 1119 2453 Etiam
1135 2405 1233 2478 caput
1245 2391 1408 2456 muliebre
1421 2392 1589 2477 pileatum,
1610 2393 1698 2478 quod

140 2504 202 2567 tur,
215 2489 384 2556 decretam
397 2492 693 2559 sibiMaoedoniam
706 2492 800 2558 fratri
810 2493 892 2558 Caio
949 2489 1048 2556 offert
1072 2491 1163 2554 numi
1192 2494 1316 2570 antica,
1352 2493 1387 2556 in
1416 2495 1595 2560 contrarias
1625 2516 1697 2558 sen·

142 2595 257 2673 oessit,
296 2594 458 2680 adquam
485 2595 515 2658 is
538 2593 759 2680 occupandam
781 2595 889 2659 statim
947 2593 1065 2656 tertias
1096 2593 1245 2657 eruditos
1274 2585 1443 2674 distraxit,
1478 2617 1556 2682 qaas
1583 2597 1698 2661 videre

141 2695 319 2779 proiectus,
336 2697 474 2764 sedaM.
482 2700 585 2762 Bruto
602 2699 755 2763 exclusus
764 2711 891 2782 eaptus·
948 2707 1045 2778 potes
1068 2693 1155 2777 apud
1174 2697 1437 2783 Havercampum
1460 2699 1503 2763 ad
1522 2700 1608 2763 huno
1627 2703 1699 2765 Mo·

143 2820 220 2883 que,
236 2798 334 2883 hujus
351 2799 460 2883 jussu,
477 2822 543 2886 guo
561 2800 730 2866 lIIririsin
748 2802 789 2863 D.
808 2802 891 2863 Bru·
948 2796 1025 2859 relii
1046 2818 1194 2867 numum.
1234 2802 1429 2887 Praeplacet
1449 2800 1605 2884 judicium
1627 2804 1699 2866 Mo·

142 2914 228 2978 turn,
259 2901 479 2981 Ciceronem,
503 2902 649 2987 aliosque
671 2901 890 2968 saevientibus
947 2899 1053 2977 cessii,
1101 2900 1157 2985 qui
1180 2922 1224 2966 ex
1242 2904 1350 2966 numia
1371 2902 1549 2981 Hadriani,
1586 2904 1700 2966 inscri-

147 3004 249 3068 ricem
267 3004 490 3092 rependeret,
520 3004 714 3068 interiectus
737 3018 788 3068 eat
805 3026 889 3069 anno
947 3000 1030 3084 ptis:
1062 3000 1305 3071 ADVENTVI·
1351 3004 1455 3072 AVG·
1497 3005 1700 3067 MACEDO-

145 3102 215 3181 lton,
232 3104 529 3190 surpraccedentis
549 3105 651 3173 exitu.
675 3106 762 3176 Vide
777 3128 889 3171 rerum
948 3108 1075 3185 mnu,
1112 3108 1147 3169 in
1182 3106 1299 3190 quibus
1337 3104 1454 3189 genius
1483 3104 1696 3171 Macedoniae

148 3208 184 3272 ll
198 3210 391 3292 scriptores.
950 3209 1050 3273 simili
1071 3210 1161 3293 pileo
1185 3207 1327 3292 tegitur,
1357 3205 1502 3269 feliciter
1523 3220 1698 3290 auguratus

205 3309 301 3375 Alter
317 3310 355 3375 C.
371 3310 533 3375 Antonius
553 3310 701 3395 Hybrida
720 3311 892 3377 Ciceronis
951 3325 1021 3391 est,
1051 3311 1149 3374 etiam
1170 3311 1267 3393 hujus
1290 3307 1415 3372 denarii
1437 3307 1542 3391 capite
1565 3309 1701 3395 exhibe·
1801 3366 1811 3380 ,

148 3411 177 3470 in
200 3412 367 3476 consulatu
392 3410 539 3497 collega,
562 3426 597 3477 et
614 3414 722 3478 llltiri
742 3429 888 3499 patruus.
948 3416 980 3477 ri
1003 3412 1136 3499 genium
1158 3409 1390 3491 Macedoniae,
1421 3410 1513 3493 cujus
1536 3394 1574 3475 C.
1597 3410 1698 3474 Anto·

150 3512 209 3575 Hie
235 3532 367 3599 quoqne
395 3512 535 3579 cedente
570 3516 732 3581 Cicerone
756 3517 890 3581 sortitus
949 3516 1023 3578 nius
1049 3514 1111 3578 tait
1141 3512 1331 3596 proconsul.
1383 3511 1470 3579 Vide
1499 3513 1699 3576 Havercam·

151 3616 344 3699 provinciam
371 3616 615 3697 Macedoniam,
648 3639 721 3682 eam
748 3639 811 3702 per
837 3640 892 3681 an·
948 3639 1027 3702 pum
1050 3616 1091 3680 ad
1113 3615 1280 3678 denarium
1311 3614 1418 3699 gentis
1440 3613 1603 3677 Plancioe.
1645 3614 1699 3673 Pi·

151 3738 205 3780 uos
232 3720 272 3786 V.
290 3720 326 3785 C.
344 3718 423 3803 dou,
456 3719 520 3803 dod
540 3742 601 3804 pro
623 3720 759 3784 consule
780 3720 890 3801 rexit,
949 3718 1042 3796 leus,
1082 3738 1149 3801 quo
1170 3716 1290 3779 mulier
1312 3717 1452 3799 tegitur,
1492 3713 1700 3776 hauddubie

153 3840 260 3883 rernm
289 3842 328 3885 re
349 3842 423 3887 eum
445 3820 607 3885 Dardanis
629 3821 809 3907 aliquotiee
826 3844 892 3886 ma·
951 3834 1003 3885 est
1033 3818 1331 3883 cauda-familiare
1354 3815 1571 3881 Macedonum
1594 3830 1699 3899 gesta·

152 3922 182 3985 le
202 3937 300 4007 gesta,
320 3938 356 3987 et
378 3938 566 4008 compertus
588 3924 741 3989 auantiae
763 3946 891 3989 sncces-
950 3944 1041 3999 men,
1063 3921 1105 3986 de
1129 3933 1194 4005 quo
1217 3920 1293 4006 vide
1313 3919 1410 4002 plura
1433 3940 1521 3986 ame
1538 3918 1697 4003 disputata

154 4044 254 4090 torem
280 4043 412 4105 nactus,
454 4028 489 4089 iu
521 4026 656 4091 erilium
686 4025 804 4091 missus
835 4027 891 4089 diu
949 4026 984 4087 in
1009 4024 1116 4087 nantis
1135 4023 1291 4109 Antigoni
1311 4026 1336 4084 1.
1352 4021 1566 4085 Macedoniae
1593 4021 1694 4106 regis.

153 4130 385 4207 pmtalllviro
403 4143 529 4213 nepote
542 4130 728 4193 sublevatus
749 4142 816 4206 est,
848 4128 913 4220 ¹¹⁰,
949 4127 1081 4192 Dicitur
1098 4125 1304 4190 strictonius
1324 4123 1570 4201 ΡΟΝΤΙΡΕΧ,
1601 4145 1697 4210 quem

154 4230 298 4312 quotide
314 4232 409 4321 plura
425 4230 510 4314 apud
529 4230 764 4316 Glandorpiom
781 4232 823 4314 c).
951 4230 1144 4315 dignitatem
1175 4226 1306 4291 videtur
1329 4241 1441 4291 nactus
1469 4228 1701 4304 aLCaesoro,

151 4324 156 4335 ’
211 4334 338 4419 Anceps
367 4332 519 4399 nonnihil
549 4333 788 4413 controversia,
825 4318 895 4397 utri
949 4354 1024 4398 eom
1041 4333 1070 4395 is
1088 4328 1269 4395 sacerdotia
1283 4342 1434 4415 augeret.
1515 4382 1521 4392 ,

187 4712 217 4785 ι)
232 4708 434 4776 Phimes.
504 4712 541 4787 lt)
559 4708 767 4771 DioLXLV.
780 4710 805 4785 ς.
815 4720 846 4784 9.
920 4710 951 4781 a)
972 4704 1227 4784 Onomastpat.
1299 4704 1334 4779 d)
1353 4706 1430 4764 Phil.
1445 4707 1496 4767 111.

212 4842 392 4923 (Vol-VI.)
471 4856 479 4877 ⁸
1422 4834 1453 4895 F
