4267 5500
699 608 1102 725 nassouwe.
1207 634 1212 644 ,
1624 627 1674 708 to
1808 658 1815 665 .

149 784 225 847 riano
245 780 405 869 proditus,
430 790 465 843 et
490 798 567 842 mos
588 776 664 843 neci
694 777 802 856 datus,
828 776 871 843 de
926 780 971 844 ad
997 780 1131 843 Aetium
1158 778 1266 858 dedit,
1295 777 1423 866 vande
1455 780 1548 844 nullo
1570 781 1686 849 adhue·

150 906 200 971 pao
221 882 287 947 ride
316 884 461 945 Diouem
477 882 519 965 ⁸).
548 882 691 959 Verum,
716 900 791 944 eum
817 879 872 945 hic
928 882 1083 966 graviore
1100 875 1309 945 incommodo
1327 895 1478 965 accepto,
1497 898 1530 947 et
1547 884 1678 969 siquod

148 986 231 1047 Dioni
255 986 393 1047 Publius
420 982 564 1061 dicatur,
595 978 662 1045 nou
695 984 877 1061 Decimus,
926 984 1018 1046 urari-
1036 998 1205 1068 acceptum
1229 986 1336 1059 soret,
1361 998 1432 1048 tute
1453 984 1493 1047 ad
1510 985 1679 1071 legionum

148 1086 259 1169 conjicit
280 1086 554 1169 Ravercampus,
574 1084 661 1148 huuc
685 1082 786 1147 luisse
808 1084 876 1147 Pu·
924 1085 1032 1148 robur
1061 1087 1235 1171 perfugio,
1267 1086 1353 1150 ficto
1366 1108 1401 1149 ‘a
1423 1086 1598 1171 Cleopatra
1628 1089 1678 1153 iu·

147 1187 195 1251 blii
208 1186 394 1269 iratremb).
925 1206 992 1270 pse
1013 1186 1107 1249 initio
1121 1188 1192 1271 ipse
1209 1189 1363 1252 condano
1382 1190 1508 1273 praelio
1527 1191 1687 1267 exceasie.
1731 1222 1736 1228 ·

929 1287 1170 1374 imperiumque
1215 1288 1324 1366 orbis,
1366 1310 1428 1371 pro
1470 1313 1536 1377 quo
1577 1293 1678 1363 totius

312 1428 355 1494 μο
370 1428 405 1493 α
420 1432 493 1512 7²4·
511 1424 560 1491 A·
570 1422 618 1488 X·
637 1418 688 1489 30g
927 1388 1078 1454 Orientis
1092 1391 1186 1454 vires·
1198 1390 1329 1468 excivit,
1346 1405 1380 1454 et
1397 1392 1509 1480 salutis
1521 1394 1677 1478 propriae

929 1490 1100 1554 arbitrium
1138 1491 1269 1555 aemulo
1298 1493 1459 1577 permisit.
1508 1496 1591 1579 Ejus
1629 1497 1677 1563 ri·-

200 1590 383 1659 Oeturisnus
414 1592 593 1658 Antonium
624 1588 658 1655 in
685 1588 789 1674 ipsam
811 1589 877 1652 Ae·
931 1606 995 1657 tam
1023 1592 1195 1678 eleganter
1220 1592 1349 1678 scripsit
1367 1596 1580 1675 Plutarchus,
1610 1611 1679 1661 tum

149 1708 261 1779 gyptum
275 1695 476 1783 insequitur,
494 1706 668 1779 urgetque.
691 1694 874 1777 Desperste
930 1694 1020 1761 raris
1042 1694 1128 1777 apud
1154 1693 1313 1775 Dionem,
1342 1699 1545 1783 Appianum,
1583 1700 1682 1765 alios·
1806 1713 1814 1733 ¹

147 1797 241 1877 venia,
264 1810 296 1861 et
310 1796 454 1861 meliore
478 1795 608 1860 fortuna
626 1795 785 1859 violentas
802 1794 873 1878 ipse
933 1818 995 1882 que
1032 1795 1189 1858 historiae
1223 1798 1266 1863 R.
1300 1800 1495 1884 scriptores,
1539 1821 1680 1867 coaetos

147 1898 196 1961 ubi
214 1920 316 1964 nauus
335 1900 449 1967 infert.
931 1899 1009 1960 item
1027 1910 1178 1960 auctores
1195 1900 1361 1981 reperies,
1394 1923 1476 1985 quos
1496 1902 1583 1965 inter
1601 1924 1680 1967 care

198 2000 264 2065 Fuit
282 2001 337 2067 tir
359 2014 394 2065 et
414 1998 605 2076 virtutibus,
635 2009 669 2062 et
684 1984 772 2061 'virita
789 2014 875 2056 sum·
931 1999 1128 2063 Ciceronem
1152 1998 1280 2078 audias,
1311 2002 1367 2086 qui
1380 2002 1414 2063 in
1427 2003 1620 2088 Philippicis
1639 2006 1680 2068 si·

147 2122 226 2177 uus,
245 2102 290 2166 sic
318 2114 448 2180 temen,
484 2114 522 2163 et
549 2099 711 2184 principio
741 2117 874 2180 praera-
931 2101 965 2164 bi
990 2099 1132 2187 denique
1156 2100 1307 2165 fatalibus
1323 2102 1451 2186 privato
1470 2105 1548 2169 odio
1562 2106 1679 2170 ductus

146 2201 237 2267 lereut
262 2204 421 2281 virtutes,
457 2200 578 2266 deiude
610 2201 710 2279 vitia..
740 2197 820 2261 iude
851 2219 869 2259 a
925 2224 1021 2268 seras
1046 2200 1181 2265 Antonii
1208 2202 1323 2267 leudes
1341 2203 1574 2285 dissimularit,
1599 2208 1675 2274 sitia

146 2304 296 2383 juventute
312 2306 362 2369 sic
384 2304 521 2367 indulsit
539 2299 871 2374 comminationibus,
926 2319 981 2369 aut
996 2304 1148 2380 adfinxit,
1164 2305 1266 2367 autin
1279 2307 1381 2389 majus
1396 2308 1495 2372 auxit.
1551 2354 1561 2371 ,

146 2404 229 2487 jocis,
248 2406 513 2471 muliercularum
531 2403 713 2478 amoribus,
736 2401 869 2465 uthsee
920 2442 924 2447 -
989 2408 1121 2475 onres
1154 2406 1373 2471 illustriores:
1416 2388 1613 2486 mvn,
1633 2409 1674 2471 P.

146 2510 279 2571 mutim
314 2521 512 2593 seponeret,
559 2526 634 2569 oum
664 2505 754 2567 serio
792 2500 871 2587 quid
927 2507 1210 2591 Clodii-primum,
1228 2509 1304 2571 dein
1321 2510 1473 2575 Curionis
1493 2511 1599 2577 vidua.
1622 2513 1675 2575 Er

145 2609 285 2691 egendum
307 2622 409 2675 esset.
453 2608 545 2691 Ergo
567 2606 705 2671 idoneus
724 2604 871 2681 babitus,
928 2631 970 2674 ea
996 2609 1063 2673 nati
1090 2612 1146 2677 tt..
1155 2612 1400 2689 ANTONIVS,
1438 2612 1575 2677 Graecis
1603 2612 1675 2674 AN·

145 2708 222 2792 eujua
253 2708 348 2789 tuat,
385 2724 419 2775 et
460 2708 605 2775 consiliis
632 2708 685 2772 rei
714 2726 889 2782 summam,
930 2712 1119 2791 TYLLVS,
1147 2713 1188 2778 ab
1206 2714 1386 2780 Octaviano
1404 2734 1518 2781 caesus
1533 2736 1601 2780 non
1622 2714 1684 2780 diu

145 2831 228 2898 saepe
244 2813 462 2878 committeret
482 2815 507 2878 Ι.
525 2813 659 2889 Caesar,
681 2810 809 2876 credito
825 2808 875 2870 illi
930 2815 1015 2901 patri
1046 2815 1220 2900 superfuit,
1262 2817 1343 2900 Ejus
1364 2818 1463 2882 viram
1487 2831 1521 2882 aa
1544 2840 1678 2881 numum

146 2913 257 2978 sinistre
283 2935 392 2980 eorus
416 2913 542 2978 inscie
575 2913 781 2990 Pharsalica,
813 2933 876 2998 qua
932 2917 1016 2980 inira
1040 2917 1199 2984 dabimus.
1244 2919 1375 2986 tvnvs
1402 2920 1630 2986 ANTONIVS
1661 2943 1679 2980 a

146 3013 181 3078 de
205 3017 337 3102 imperio
368 3017 555 3080 dimicatum
588 3030 647 3080 sat.
694 3017 797 3080 Caeso
827 3014 875 3076 di·
930 3022 1055 3084 rictore
1074 3041 1141 3082 non
1161 3034 1308 3082 serratus
1324 3018 1441 3099 modo,
1470 3020 1529 3082 sed
1548 3020 1684 3081 honori·

147 3131 252 3182 tutore
277 3121 398 3184 invasit
427 3141 551 3204 remp,
585 3139 652 3180 nou
680 3130 745 3181 tam
775 3116 874 3180 ambi·
929 3121 991 3184 bus
1014 3121 1112 3185 etiam
1132 3133 1261 3199 suetus,
1304 3121 1412 3186 vitiata
1435 3121 1582 3184 Caesaris
1610 3120 1677 3184 lilia

142 3221 243 3298 tione,
257 3243 351 3307 quana
374 3237 412 3285 ut
432 3220 672 3305 intempestivis
696 3217 871 3293 amvivtia,
931 3222 1012 3287 lulia
1029 3222 1164 3284 exitium
1183 3221 1252 3284 eibi·
1261 3223 1444 3290 maturarit.

146 3337 174 3384 et
200 3324 442 3389 liberalitatibus
474 3337 620 3408 sumptus
643 3340 686 3384 ne
709 3320 872 3385 deessent.
993 3322 1192 3390 ocrsvm
1213 3324 1387 3398 Octaviani
1408 3344 1522 3402 soror,
1550 3346 1592 3389 ex
1614 3348 1678 3410 qua

145 3425 216 3488 tuito
239 3427 387 3492 lllriratu
420 3427 516 3492 victis
541 3447 597 3490 sus
625 3424 721 3488 unius
753 3423 882 3490 virtute⁴
930 3441 1024 3491 naue
1053 3426 1255 3488 ANTONIA
1286 3426 1408 3510 major,
1439 3427 1546 3512 inepta
1567 3429 1686 3493 Druso·

144 3525 178 3588 ad
200 3527 365 3614 Philippos
394 3533 501 3593 Bruto
532 3543 566 3592 et
596 3527 709 3591 Cassio
738 3539 875 3610 propter
931 3527 1064 3593 seniori.
1087 3529 1168 3611 Ejus
1184 3530 1275 3590 numi
1293 3527 1378 3591 infra
1400 3541 1475 3612 pest
1491 3529 1578 3592 hunc
1592 3533 1679 3593 Dru·

144 3627 214 3692 belli
237 3632 406 3696 amentiam
426 3629 514 3698 haud
536 3629 633 3693 dubie
656 3627 804 3712 principe
827 3625 873 3685 in·
932 3629 1489 3695 eumdesoribentur.ANTON1A
1505 3631 1613 3695 minor
1637 3635 1678 3697 1..
1802 3645 1807 3652 ·

143 3733 341 3819 terrolleges
357 3733 574 3809 desciuerat,
600 3731 663 3794 uisi
680 3731 873 3812 Cleopatrae
931 3731 1078 3795 Domitio
1095 3732 1315 3795 Ahenobarbo
1329 3733 1448 3814 juncta.

142 3833 242 3913 paatto
265 3849 341 3920 poet
368 3834 533 3898 amoribus
561 3833 707 3900 irretitus
734 3832 874 3914 impera·
994 3833 1264 3896 CLEOPATRA
1291 3834 1435 3916 Aegypti
1456 3833 1580 3916 regina.
1626 3835 1677 3894 Ex

141 3933 229 3998 terias
247 3935 400 4014 virtutes,
435 3950 470 4002 et
500 3937 670 4002 sanitatem
692 3935 794 4018 ipsam
818 3931 875 3994 de·
931 3938 991 3998 hac
1012 3937 1094 4000 nati:
1126 3937 1409 4000 ALEXANDER'
1426 3949 1461 4000 et
1482 3932 1675 4000 CLEOPA-

143 4033 304 4104 dididsaet
349 4023 441 4134 Qeeb
459 4059 496 4103 se
514 4039 600 4102 duce
625 4035 763 4102 subinde
783 4047 874 4119 gesta
932 4039 1022 4100 TRA
1071 4039 1223 4122 gemelli,
1275 4053 1310 4102 et
1359 4037 1675 4104 PTOLEMAEVS.

143 4153 217 4216 suut,
234 4139 374 4204 lul'auate
389 4143 498 4206 omnia
517 4141 688 4219 cecidere,
705 4139 780 4204 etsi
796 4135 873 4224 quid
931 4140 1106 4223 Cleopatra
1138 4140 1236 4205 lubae
1268 4142 1307 4206 11.
1337 4156 1437 4227 nupta
1472 4161 1557 4203 suos·
1578 4139 1677 4204 habet

142 4239 298 4325 trepitat
318 4256 496 4326 patratum,
528 4265 659 4308 suorum
689 4241 800 4306 virtuti
827 4241 872 4303 le·
928 4263 1061 4320 numos,
1085 4264 1166 4328 quos
1181 4241 1256 4309 ride
1271 4244 1305 4304 in
1322 4244 1428 4306 numia
1446 4263 1563 4329 regum
1584 4245 1674 4304 Mau·

143 4357 291 4426 pteram,
327 4359 363 4410 et
394 4345 581 4412 incredibili
609 4346 748 4408 militum
777 4344 811 4405 in
836 4363 871 4404 se
922 4347 1084 4410 setaniae.
1129 4342 1210 4428 Ejus
1243 4345 1387 4409 arbitrio·
1417 4343 1571 4429 permissi
1601 4347 1679 4408 Ale·

144 4443 284 4525 adieetub
325 4446 468 4536 fideique
501 4447 624 4510 debuit.
678 4451 872 4512 Extremum
929 4447 1073 4524 rander,
1096 4463 1130 4512 et
1150 4431 1359 4513 Ptolemaeus
1380 4445 1501 4510 fratres
1516 4446 1559 4528 ⁰).
1581 4445 1679 4512 Vter·

145 4543 257 4614 tlieuati
288 4547 390 4614 animi
421 4549 651 4615 documentum
682 4552 716 4613 iu
746 4551 873 4636 praelio
930 4569 995 4634 que
1017 4551 1123 4613 numia
1142 4549 1243 4615 certis
1267 4562 1373 4627 earet,
1402 4568 1446 4612 ex
1462 4569 1600 4632 quorum
1621 4570 1678 4612 nu·

177 4853 203 4920 ⁸)
219 4849 250 4906 ¹«
262 4849 309 4908 U·
324 4853 391 4924 Η.
461 4851 496 4929 b)
516 4853 684 4914 admontii
703 4852 771 4912 sam.
784 4873 814 4932 p.
826 4863 870 4920 24,
931 4809 932 4813 Ἰ
947 4857 979 4928 c)
1003 4853 1070 4913 Dio.

182 4941 266 5022 (rat.
285 4939 370 5024 ΓΙ.)
