4267 5500
687 625 803 700 sona
835 577 1143 705 Pontusve.
1175 667 1178 672 -

131 795 283 861 diversus
308 793 369 858 fuit
386 816 407 860 a
424 796 503 861 Sex.
512 795 676 882 Pompeio
691 809 824 874 nostro,
848 813 884 864 ut

131 898 259 964 diserte
274 898 337 963 Dio
353 900 402 982 ⁸),
430 919 506 962 eam
530 897 648 964 eodem
669 912 753 964 teste
770 920 885 966 consu-

130 1001 237 1081 latus,
269 1002 327 1087 qui
342 1001 522 1066 destinatus
541 1002 592 1064 illi
608 1001 688 1082 tuit,
709 1016 783 1069 orto
797 1004 885 1068 inter

130 1103 283 1168 aemulos
297 1103 390 1169 bello
407 1104 585 1190 abrogatus
598 1118 650 1174 est
662 1103 720 1191 1ὶ).Ι

195 1207 281 1290 Ejus
300 1206 473 1293 ingenium
495 1207 547 1271 his
573 1206 684 1272 verbis
708 1205 886 1294 descripsit

132 1309 286 1376 Velleius
301 1309 352 1391 ο)τ
381 1309 448 1374 Hic
466 1309 657 1374 adolescens
670 1323 745 1374 crat
761 1313 886 1375 studiis

132 1415 257 1490 rudis,
277 1431 428 1474 samone
450 1411 623 1490 burburus,
651 1416 777 1496 impetu
804 1426 886 1476 stre·

133 1534 232 1590 naus,
245 1532 348 1575 manu
358 1524 547 1595 promptus,
568 1517 774 1594 cogitatione
787 1515 886 1591 celer,

134 1737 213 1780 runs
236 1715 400 1791 userius,
414 1733 645 1797 seruorumque
666 1737 797 1794 seruus,
818 1738 889 1802 spe·

134 1818 240 1881 ciosis
253 1817 422 1892 invidens,
434 1826 475 1879 ut
485 1830 619 1898 poneret
634 1817 850 1883 humillimis,

444 2000 592 2068 Numi:

161 2185 166 2194 ,
286 2119 758 2193 sex.rusGN.P1VS.1ttP.
778 2125 886 2209 Caput

288 2222 349 2288 Cn.
374 2224 520 2305 Pompeii
547 2228 674 2308 patris,
695 2227 888 2308 infraquod

135 2425 306 2487 Pinnae.
324 2427 455 2490 Musici·
469 2438 564 2491 stans
580 2429 613 2495 d.
626 2448 765 2506 manain,
783 2452 810 2495 s.
828 2430 887 2492 lsa-

136 2542 237 2592 stans.
249 2528 323 2592 AR.
337 2529 490 2609 (Moreili
501 2530 538 2590 in
554 2529 630 2596 hm.
646 2531 780 2614 Pomp.)

298 2628 437 2698 MAGN.
466 2630 574 2718 Caput
590 2633 668 2697 Iani
681 2635 811 2728 gemini
826 2635 886 2696 im·

300 2731 409 2800 herbe.

138 2834 246 2901 Plvs.
264 2832 352 2895 111³.
379 2836 490 2895 Prona
502 2836 609 2900 naois.
628 2835 700 2902 ΑΕ.
717 2838 742 2901 Ι.
758 2820 901 2903 obrius.x

200 2936 410 3021 Frequenter
433 2935 469 2997 in
493 2936 599 2998 numis
617 2937 683 2999 suis
699 2937 800 3023 patris
817 2942 885 3001 Ma·

142 3039 195 3121 gni
215 3051 312 3123 caput
332 3034 504 3121 p'roposuit
521 3038 651 3104 Sextus.
677 3041 781 3124 Caput
799 3041 887 3103 istud

143 3140 325 3224 ambiguum
339 3160 407 3202 non
422 3153 471 3202 est
480 3158 489 3214 ;
505 3160 580 3202 nam
596 3139 711 3205 eadem
725 3142 795 3224 cios
813 3156 887 3207 sunt

144 3243 334 3306 lineamenta
360 3240 396 3303 in
425 3242 532 3305 nantis
561 3243 808 3327 Pompeiopoiis
835 3244 887 3307 Ci-

144 3344 251 3421 lieiae‚
280 3364 363 3428 quae
387 3358 420 3407 et
439 3344 624 3428 Solopolis,
654 3345 745 3429 cujus
763 3346 790 3408 is
810 3366 886 3411 con·

144 3446 228 3509 ditor
253 3458 304 3510 est
333 3444 483 3525 habitus,
518 3460 556 3509 ut
577 3445 699 3511 dictum
725 3448 769 3513 mi
790 3450 884 3533 hujus

145 3548 231 3610 urbis
252 3568 381 3613 numos.
427 3546 632 3633 suffragatur
659 3549 757 3616 etiam
780 3553 884 3615 oratio

145 3648 328 3727 Plutarchi,
355 3650 430 3734 qui,
461 3648 538 3713 ‹tum
570 3652 640 3735 ejus
669 3651 807 3717 sormam
829 3654 885 3718 ‹ie-

147 3752 270 3827 scribit‚
301 3764 465 3817 memorat
486 3771 619 3839 quoqne
649 3751 800 3832 ἆναςολην
829 3780 885 3831 της

146 3876 233 3937 aspre
251 3850 388 3935 ἆτςεμα,
429 3875 557 3917 comam
581 3857 738 3919 nonnihil
754 3879 885 3921 sursum

143 3958 388 4040 projectius),
417 3956 527 4039 ipsum
541 3976 622 4023 vero
635 3956 768 4040 pienum
788 3959 886 4043 maje-

149 4058 247 4132 statis,
278 4057 529 4144 gravitatisque,
557 4079 596 4122 ac
616 4074 794 4143 propterea
812 4062 889 4126 Ale-

150 4160 257 4223 xansiri
290 4162 339 4227 Μ.
374 4160 517 4224 similem
556 4160 715 4228 habitum.
779 4162 885 4241 Adde,

149 4262 232 4346 quoi
257 4264 407 4327 Lucanus
440 4262 482 4327 ie
503 4263 656 4349 Pompeji
676 4268 721 4331 Μ.
742 4264 887 4333 crinibus

150 4379 299 4430 memorat
312 4368 364 4450 ⁸)t

183 4608 211 4677 ι)
229 4607 259 4665 n.
271 4606 372 4669 mx.
388 4610 414 4681 s.
426 4616 467 4671 a.
559 4608 594 4681 a)
611 4608 643 4664 n.
658 4606 788 4667 xnvnt.
805 4610 828 4681 s.
840 4616 882 4670 ss.

156 4784 223 4843 kl..
237 4786 287 4845 lib.
300 4786 355 4849 lv.

1640 647 1685 714 at

1279 799 1344 864 iila
1361 802 1504 864 ostenda
1599 870 1601 873 ,

1005 903 1153 987 Regibus
1177 901 1271 967 tirso
1297 921 1410 979 coma,
1445 914 1479 964 ct
1502 923 1587 985 gene
1610 923 1687 968 rosa

1341 1004 1461 1086 fronte
1474 1005 1604 1070 decoras

1009 1105 1183 1169 Caesaries
1194 1126 1379 1189 compressa
1394 1127 1497 1170 manu
1511 1119 1576 1174 est.

941 1206 987 1270 Et
1002 1205 1103 1270 silius
1120 1205 1249 1270 italicus
1270 1204 1318 1290 ἧι
1430 1259 1433 1264 .

1006 1311 1096 1386 Ille,
1112 1309 1204 1372 histo
1214 1312 1277 1372 cui
1292 1309 1480 1393 subrigitur
1494 1312 1692 1394 contestan-

1383 1423 1436 1489 te,
1451 1413 1605 1476 decorum
1654 1407 1663 1424 ⁸

1006 1512 1055 1575 Et
1069 1524 1204 1594 gratum
1220 1515 1321 1576 tertis
1335 1512 1486 1596 Magnus
1503 1527 1613 1596 caput.

945 1729 1096 1803 gonatas,
1114 1718 1156 1778 de
1173 1736 1238 1800 quo
1255 1715 1351 1778 infra.

1007 1816 1201 1902 Epigrspho
1227 1816 1324 1899 capiti
1345 1815 1497 1901 Pompeji
1521 1819 1569 1881 lt.
1583 1816 1690 1880 addita

944 1920 985 1988 asi
1008 1923 1141 1984 Sextum
1166 1918 1329 2002 pertinet,
1361 1939 1461 2004 quem
1482 1937 1610 1982 morem
1636 1918 1692 1982 hie

945 2035 1133 2087 constanter
1150 2023 1271 2098 tenuit,
1283 2018 1399 2084 saltem
1418 2018 1453 2080 in
1469 2019 1595 2097 nuruis,
1609 2039 1690 2106 quos

941 2123 1149 2187 hauddubie
1171 2123 1212 2185 ab
1235 2142 1276 2186 eo
1299 2121 1441 2205 signatos
1461 2133 1597 2187 constat.
1636 2121 1694 2183 Di·

944 2227 1030 2288 citur
1053 2225 1090 2286 'in
1111 2224 1245 2287 (imario
1269 2225 1478 2301 IMPcratar,
1511 2222 1553 2286 de
1574 2243 1638 2308 quo
1654 2224 1693 2287 ti-

943 2326 1012 2389 tulo
1035 2347 1128 2411 agam
1145 2325 1414 2410 insequentibus.
1450 2325 1622 2410 singulare
1640 2338 1691 2388 est

942 2451 978 2490 ro
992 2429 1086 2494 SAL.
1101 2428 1251 2511 Pompeji
1267 2427 1366 2511 capiti
1383 2425 1577 2509 subjectum.
1605 2427 1690 2488 Fue·

941 2551 996 2606 re,
1028 2530 1085 2616 qui
1109 2529 1221 2596 literas
1245 2529 1303 2592 has
1326 2528 1484 2612 legendas
1500 2528 1689 2603 SALduba,

942 2632 1031 2716 quod
1055 2631 1117 2694 suit
1139 2646 1233 2698 vetus
1261 2633 1534 2716 Caesaraugustae
1551 2650 1692 2704 nomen,

943 2733 1185 2813 existimarunt,
1206 2756 1287 2821 quos
1308 2735 1396 2797 inter
1408 2732 1471 2797 fuit
1483 2731 1633 2797 iubentus
1649 2741 1689 2810 s),

942 2838 1003 2902 sed
1036 2858 1133 2922 quam
1161 2836 1208 2900 ibi
1231 2836 1424 2900 sententiam
1450 2834 1523 2917 jure
1551 2834 1693 2918 explosit

942 2938 1133 3016 Himerius,
1158 2938 1214 3024 qui
1236 2938 1307 3020 ejus
1326 2938 1404 2999 loco
1432 2934 1610 3019 legendum
1625 2936 1692 2997 SA-

943 3042 1014 3103 Lus
1048 3041 1207 3123 conjecit,
1231 3040 1289 3101 sed
1313 3036 1402 3123 quod
1424 3038 1529 3121 ipsum
1560 3056 1691 3119 quoque

942 3154 1081 3225 propter
1100 3142 1216 3204 multas
1243 3162 1354 3203 causas
1374 3159 1439 3202 non
1459 3139 1534 3201 satis
1551 3136 1691 3201 adridet.

943 3240 1116 3327 ingeniosa
1144 3256 1195 3307 est
1214 3242 1382 3311 Vaillantii
1409 3240 1601 3325 explicatio,
1634 3238 1690 3321 qui

943 3348 1020 3411 citat
1047 3345 1258 3430 Appianum,
1293 3345 1385 3429 cujus
1406 3342 1512 3408 verba
1527 3354 1602 3405 sunt
1628 3336 1690 3403 Ln'-

942 3449 1010 3512 tine
1035 3447 1164 3512 reddita
1189 3448 1224 3509 in
1248 3446 1392 3511 editione
1409 3448 1513 3511 Henr.
1533 3442 1690 3528 Stephani

945 3572 1019 3636 pag.
1047 3568 1121 3633 pao.
1162 3549 1281 3613 Sextus
1310 3561 1441 3612 tantum
1471 3546 1620 3626 Neptuni
1639 3566 1691 3607 sa·

942 3656 1011 3717 cris
1032 3654 1232 3737 operabatur
1252 3664 1285 3714 et
1311 3648 1582 3723 SALATIAE,
1612 3666 1691 3724 aua·

942 3776 1015 3817 rum
1039 3758 1142 3818 etiam
1157 3746 1448 3837 filium'appclari
1461 3771 1497 3811 se
1514 3749 1688 3811 sustinuit.

942 3856 994 3919 De
1013 3856 1074 3919 hac
1101 3854 1227 3932 Salacia
1249 3854 1392 3917 Festnss
1415 3850 1585 3919 Salaciam
1605 3850 1691 3910 dioc·

943 3956 1025 4019 bant
1041 3948 1137 4020 dcam
1153 3976 1274 4036 oquae,
1289 3975 1388 4037 qaam
1400 3952 1569 4037 putabant
1581 3950 1690 4012 salam

946 4062 1050 4135 ciere,
1074 4060 1324 4137 iocest,·marc
1344 4079 1483 4122 mouere.
1517 4052 1598 4137 Ejus
1623 4071 1690 4115 me·

944 4157 1038 4220 minit
1062 4175 1193 4245 quoque
1206 4161 1313 4227 Varro
1328 4158 1378 4242 h),
1414 4157 1552 4222 Salacia
1567 4154 1690 4235 Neptu-

944 4265 982 4325 ni
997 4263 1043 4324 ad
1058 4262 1152 4340 salo,
1175 4275 1209 4325 et
1227 4263 1346 4326 Cicero
1368 4258 1399 4343 ί)
1417 4272 1509 4324 naret
1528 4256 1687 4322 creditum

892 4410 900 4415 -
943 4361 1123 4449 aiiquibus,
1143 4366 1331 4441 Oceanum,
1345 4365 1578 4441 Salaciamque
1598 4359 1691 4421 Cocli

977 4611 1008 4680 c)
1023 4608 1056 4665 L.
1070 4609 1109 4670 11.
1126 4628 1153 4667 c.
1164 4621 1210 4674 73.
1304 4607 1340 4681 d)
1355 4608 1386 4663 in
1399 4604 1541 4680 Pompeio
1556 4602 1613 4661 sub
1626 4604 1690 4659 init.

154 4696 181 4764 c)
198 4695 292 4755 Pham.
307 4697 340 4754 1..
355 4696 438 4759 vlit.
452 4716 481 4755 r.
494 4699 585 4769 679·.
649 4697 1062 4768 opunic.n.xt11.v.aa¹.
1156 4699 1502 4799 g)¹i'om.11.pag.165.
1593 4695 1630 4767 h)
1651 4694 1689 4751 ds

443 4786 470 4860 i)
489 4788 520 4843 in
533 4786 697 4865 fragmento
714 4782 828 4845 Timaei
843 4806 907 4865 cap.
920 4784 976 4847 Χ1..

1399 4857 1574 4939 nu'
