4267 5500
428 598 500 679 216
623 558 625 567 ‚
1124 587 1297 664 NERO.

430 761 564 827 lunonis
581 758 704 844 fugisse
720 756 877 823 refertur.
912 756 964 821 Ad
980 756 1067 820 idem
1086 779 1180 843 urgu—
1236 754 1816 840 P.M.(etiambocomisso)'1'1l.
1832 756 1874 821 P.
1889 756 1929 820 P.
1946 756 1987 817 Ρ.
2111 751 2112 822 ἶ

430 878 577 928 mentum
602 863 758 925 adludunt
783 860 874 924 numi
895 860 1109 925 Graecinum
1130 882 1180 924 ca·
1238 860 1273 921 S.
1293 860 1328 922 C.
1349 859 1454 920 uariis
1479 855 1560 919 aliis
1578 858 1834 920 mutationibus.
1872 858 1987 921 Roma
2111 845 2112 852 ἵ

431 966 498 1051 pite
516 964 675 1041 Neronis,
702 984 842 1049 quorum
863 961 1049 1046 complures
1067 962 1179 1045 vulgu-
1236 964 1341 1022 armis
1373 960 1522 1021 insidens
1542 960 1575 1020 d.
1594 960 1744 1023 lauream
1769 963 1976 1043 praetendit.

429 1068 476 1130 vit
502 1066 675 1130 Morellius
704 1065 826 1149 ubsque
855 1064 986 1151 quidem
1009 1064 1176 1127 mentione
1233 1062 1304 1127 ΑΕ.
1319 1062 1373 1123 lll.
1396 1062 1497 1153 (llus.
1516 1060 1625 1141 Caes.)

426 1168 536 1246 urbis,
567 1168 627 1230 ced
643 1167 677 1228 in
691 1164 813 1229 Acbniu
832 1165 1056 1230 verisimiliter
1074 1165 1180 1251 signa·
1299 1247 1305 1261 ι

427 1284 495 1349 tac,
513 1272 547 1332 in
566 1288 801 1353 quorumnam
1065 1272 1070 1279 ’
1231 1262 1274 1331 V.
1372 1260 1652 1330 linamentis.
1671 1262 1769 1329 CAE.
1787 1264 1894 1333 AVG.
1917 1264 1986 1329 Νο-

566 1366 602 1431 N
605 1366 767 1431 ΕΡΩΝΙ.
779 1360 1055 1433 ΑΠΟΛΛΩΝΙ.
1069 1367 1175 1449 Apol·
1370 1376 1450 1426 ctua
1466 1385 1547 1427 orae
1559 1367 1733 1443 insistens,
1756 1366 1829 1431 velt

567 1472 612 1547 lo,
634 1470 687 1531 uel
698 1466 1175 1549 Nerocitltarocdusgradiens
1230 1465 1271 1528 X.
1368 1462 1504 1531 NERO.
1548 1464 1708 1535 CLAVD.
1746 1468 1847 1533 cett.
1877 1469 1982 1539 ΔΥΕ.
2098 1476 2104 1487 ’

567 1592 640 1634 oum
656 1570 744 1653 lyra.
1365 1563 1504 1629 (inunt.
1527 1568 1618 1629 Idem
1635 1581 1745 1649 typus.

423 1666 667 1735 ΝΕΡΩΝΟΟ.
695 1670 849 1733 Victoria
866 1667 1029 1750 gradiens
1048 1654 1083 1731 P.
1101 1666 1174 1729 lau·
1229 1664 1269 1731 P.
1285 1670 1331 1733 tt.
1357 1670 1427 1729 PR.
1449 1669 1487 1733 P.
1507 1668 1596 1732 IMP.
1617 1669 1657 1733 P.
1674 1670 1713 1732 P.
1730 1670 1765 1734 8.
1782 1670 1822 1738 C.
1852 1674 1984 1737 llamtts

424 1792 514 1834 ream
531 1772 639 1857 offert.
1231 1768 1335 1835 oleae.
1356 1770 1426 1830 ΑΕ.
1444 1771 1500 1834 lll.
1522 1772 1623 1853 (Mus.
1640 1769 1750 1851 Caes.)

363 1936 365 1941 ,
487 1872 597 1957 Atque
630 1871 664 1932 in
687 1870 738 1932 his
768 1868 875 1933 nuruis
898 1874 965 1932 ullu
992 1864 1092 1930 modo
1119 1866 1175 1930 ltu·
1349 1870 1486 1937 NERO.
1504 1872 1632 1940 cmv.
1648 1870 1860 1941 CAE.AVG.
1877 1870 1980 1938 Gutt.

423 1974 539 2037 bemus
567 1976 734 2037 Neronem
765 1970 912 2056 Apollini
938 1968 1172 2047 adsimilatum,
1349 1973 1545 2056 (epigraphe
1568 1979 1606 2037 in
1633 1976 1804 2037 nonnullis
1822 1978 1980 2059 paullum

424 2076 479 2160 qui
509 2075 634 2158 etipse
664 2074 781 2138 endem
814 2074 920 2149 cultu,
953 2072 1040 2136 etin
1063 2070 1169 2134 numis
1297 2148 1309 2162 .
1349 2074 1529 2154 uariante.)
1548 2076 1744 2153 Columella,
1761 2097 1865 2157 supra
1880 2096 1979 2159 quam

425 2175 558 2259 quidem
576 2176 748 2251 Romanis,
769 2196 849 2259 quos
867 2176 898 2235 in
916 2186 1014 2257 geute
1031 2172 1169 2235 Antistia
1345 2178 1463 2257 galea,
1485 2178 1652 2238 inclinata
1666 2178 1712 2238 ad
1723 2198 1796 2239 cam
1810 2178 1928 2255 basta,
1943 2192 1980 2241 et

423 2276 604 2361 descripsi,
626 2282 724 2339 Actii
740 2275 872 2338 nomine
891 2274 1081 2351 exhibetur,
1109 2272 1169 2336 sed
1347 2276 1462 2358 clypeo
1476 2279 1602 2339 inserto
1617 2278 1781 2341 Medusae
1795 2286 1917 2363 capite.
1969 2332 1976 2339 .

421 2378 519 2441 etium
545 2399 605 2461 per
625 2398 758 2441 eversae
784 2389 895 2461 typum
920 2375 1074 2442 victorius
1092 2396 1168 2459 qna·
1227 2376 1325 2442 Mt
1342 2376 1413 2442 PR.
1427 2377 1465 2437 P.
1480 2378 1568 2442 IllP.
1583 2380 1622 2443 P.
1639 2378 1676 2439 P.
1693 2378 1727 2442 S.
1741 2380 1778 2443 C.
1801 2382 1884 2464 (bac
1898 2398 1979 2460 quo

419 2497 617 2563 querersum
637 2492 732 2541 cantu
754 2478 890 2555 relatus,
916 2490 950 2541 et
968 2497 1106 2541 coronas
1122 2476 1170 2538 in·
1227 2496 1291 2558 que
1313 2478 1493 2562 epigraphe
1511 2482 1675 2542 modicum
1694 2482 1876 2564 uariante.)
1910 2482 1978 2543 lla·

420 2598 573 2642 numerus
597 2579 659 2641 sibl
681 2593 859 2664 propterca
883 2600 924 2644 ex
945 2577 1095 2641 omnibus
1116 2601 1168 2641 ur-
1227 2599 1300 2641 enus
1314 2580 1418 2645 oleae.
1441 2578 1825 2664 nunnamenster.)

419 2678 516 2742 bibus
539 2680 626 2745 dono
651 2682 782 2760 missas,
815 2680 857 2744 de
886 2702 950 2768 quo
974 2694 1167 2765 argumento
1288 2680 1428 2758 Noctua,
1460 2701 1569 2743 ramus
1604 2682 1715 2762 oleae,
1757 2684 1871 2768 galee,
1908 2683 1976 2766 cly-

390 2769 393 2779 ’
419 2783 491 2846 fuse
520 2795 619 2866 agunt
648 2797 798 2847 auctores
823 2804 899 2846 max
924 2782 1053 2847 laudati.
1102 2785 1169 2846 Eo-
1223 2795 1306 2862 'pens
1329 2780 1487 2846 Medusae
1510 2784 1644 2867 propriu
1665 2799 1740 2848 sunt
1762 2784 1907 2849 Palladis
1929 2800 1976 2850 ut·

420 2883 496 2947 dem
518 2887 628 2960 cultu,
657 2905 721 2972 quo
739 2887 830 2949 Nero
854 2883 890 2946 in
908 2885 960 2948 tis
980 2885 1089 2948 cumis
1112 2906 1167 2949 ex·
1223 2881 1360 2961 tributu,
1393 2884 1485 2966 cujus
1517 2887 1730 2972 quinquatrus
1752 2888 1846 2950 Nero
1879 2899 1974 2950 unctu

418 2985 561 3064 hibetur,
577 3006 696 3070 nempe
714 3006 788 3049 curn
806 2987 937 3064 cithare,
954 2999 989 3049 ct
1001 2985 1163 3050 citharoe-
1221 2983 1417 3047 solennitate
1439 2985 1636 3064 celebrarit,
1659 3001 1778 3052 statuto
1800 2989 1900 3052 etium
1917 3010 1974 3051 uu·

420 3087 537 3151 «lorum
551 3087 652 3164 stulu,
680 3089 828 3171 queritur
847 3086 968 3170 Apollo
990 3087 1061 3170 ipse
1076 3085 1162 3172 apud
1221 3105 1282 3149 reu
1304 3084 1378 3167 ejus
1406 3085 1518 3170 signo,
1551 3099 1588 3149 ut
1608 3110 1706 3172 cupra
1725 3089 1760 3152 in
1788 3090 1973 3174 congiario·

408 3189 637 3252 v''I'heruistium
659 3190 707 3269 ⁸),
730 3187 770 3250 ud
784 3208 820 3250 se
839 3187 966 3251 venisse
979 3189 1163 3268 Neronem,
1221 3209 1295 3249 rum
1321 3187 1427 3250 numis
1461 3207 1503 3250 ex
1525 3189 1639 3252 Tacito
1670 3189 1779 3258 docui.
1831 3193 1916 3256 Sunt
1936 3193 1972 3254 hi

420 3290 498 3375 quin
529 3303 562 3353 et
582 3289 688 3372 ipsum
720 3288 851 3351 coelum
875 3310 990 3352 nusum
1019 3309 1095 3355 esse
1117 3293 1166 3354 in·
1220 3287 1311 3350 numi
1332 3289 1417 3351 ueris
1439 3289 1581 3368 minimi,
1611 3291 1787 3378 dequibus
1811 3292 1972 3358 infr-aite-

420 3405 530 3470 trure,
549 3389 641 3474 lingit
665 3387 804 3452 lulianus
818 3387 863 3471 b).
906 3388 972 3457 Vbi
997 3410 1072 3453 erus
1095 3405 1165 3455 tum
1223 3411 1297 3453 rum
1314 3409 1436 3471 termo,

418 3490 573 3569 Graecia,
602 3513 684 3576 qnae
717 3489 795 3554 olim
817 3491 1020 3574 Evangelum
1042 3495 1166 3555 Turen-
1478 3539 1498 3578 ι
1582 3493 1602 3531 ⁸¹
1686 3544 1706 3581 ,

418 3595 539 3673 tinum,
562 3592 618 3680 qui
639 3615 734 3656 nunus
752 3605 823 3655 erut
846 3611 944 3654 cures
964 3592 1096 3656 indutus
1109 3614 1165 3658 ve·
1376 3597 1421 3658 Vt
1435 3596 1489 3658 lit.
1501 3597 1533 3658 B
1545 3607 1581 3658 et
1595 3596 1640 3663 H.
1862 3655 1867 3660 .

420 3713 486 3775 ste,
505 3719 635 3762 aureum
649 3695 744 3772 item,
764 3693 964 3778 gemmisque
979 3693 1162 3760 distinctum
1219 3692 1322 3760 POR.
1349 3697 1399 3779 (in
1416 3697 1582 3761 nonnullis
1598 3697 1749 3778 PORT.)
1770 3697 1872 3766 ost.
1894 3697 1967 3765 tv-

415 3793 592 3876 ¹cornuum,
627 3797 795 3882 lyramque
827 3809 973 3879 gestans,
1013 3810 1161 3861 ceterum
1219 3796 1363 3865 GVSTI.
1381 3797 1414 3862 S.
1434 3799 1470 3864 C.
1501 3803 1623 3864 Portus
1641 3803 1808 3863 Ostiensis
1827 3799 1970 3863 nauibus

419 3901 551 3985 ignarus
568 3898 707 3961 musicae
723 3897 757 3958 in
771 3897 895 3980 Pythiis
911 3911 1056 3976 uenture,
1076 3919 1162 3963 com·
1219 3903 1370 3982 refertus,
1391 3903 1437 3962 ad
1448 3903 1519 3977 asiis
1538 3901 1723 3983 ingressum
1736 3913 1855 3962 statua
1868 3919 1969 3980 super

417 4015 514 4088 perto
541 4001 611 4084 ejus
636 4014 768 4083 stupore
791 3998 998 4063 elictoribus
1022 4001 1161 4085 corripi,
1219 4001 1294 4062 bosi
1316 4023 1343 4064 s.
1358 4000 1491 4064 bustam
1515 4003 1645 4078 tenens,
1667 4003 1798 4084 infime
1818 4001 1873 4062 uir
1890 4001 1968 4061 bar·

418 4119 454 4171 ct
477 4125 497 4168 e
522 4123 619 4167 scene
645 4099 813 4163 exturbari
838 4099 959 4182 jussisti
982 4101 1035 4184 e)l
1076 4102 1161 4170 Vide
1218 4101 1317 4163 batus
1327 4105 1559 4183 procumbens,
1578 4104 1609 4165 d.
1626 4101 1909 4184 gubernaculum,
1938 4123 1967 4164 s.

406 4207 460 4273 'de
491 4201 672 4270 citharoedi
693 4200 804 4265 habitu
835 4202 931 4267 etium
958 4224 1076 4268 numus
1097 4203 1162 4267 Au·
1217 4203 1408 4284 delphinum
1417 4216 1539 4266 tenens.
1556 4205 1625 4265 ΔΕ.
1634 4206 1659 4269 1.
1675 4202 1734 4266 sod
1751 4201 1823 4266 ΆΕ.
1832 4204 1875 4268 ll.
1889 4224 1969 4286 pro·

419 4305 561 4394 gestiat
576 4307 617 4375 V.
637 4305 672 4372 C.
692 4315 764 4389 742.
1219 4301 1310 4365 duxit
1326 4325 1456 4390 quoque
1468 4304 1682 4382 Vuilluntius,
1707 4324 1851 4390 cumque
1867 4305 1970 4369 ruris·

1160 4451 1167 4465 .
1217 4404 1335 4471 simum
1354 4421 1458 4474 vocat.

418 4511 458 4569 Τ.
553 4505 932 4574 NERO.CAES.AVG.
945 4509 1032 4574 lMP.
1052 4509 1160 4591 Caput
1277 4510 1414 4574 Portum
1429 4509 1615 4574 Ostiensem
1636 4507 1771 4572 molitus
1796 4521 1849 4572 est
1867 4508 1969 4573 Clau·

555 4612 754 4678 laureatum.
1215 4609 1287 4674 dtus
1313 4611 1536 4674 circumducto
1558 4608 1694 4675 dexteru
1712 4609 1874 4694 luemque
1891 4610 1965 4676 brn-

770 4783 774 4793 s

453 4815 486 4890 u)
507 4813 588 4870 Oret
599 4811 674 4873 XIX.
748 4816 782 4888 ts)
801 4815 832 4870 in
846 4813 996 4874 Caesarib.
1072 4819 1103 4887 c)
1122 4813 1242 4872 Luciun.
1259 4813 1325 4870 udr.
1341 4815 1451 4874 indoct.
