4267 5500
362 602 464 697 ἰω
866 704 870 711 ¹
1001 578 1334 675 v1nnnn1v3.

396 758 464 845 ium
484 772 705 844 AVGVSTI
715 772 878 858 dffarret,
900 766 1144 833 CAESARIS
1197 770 1385 857 maximus,
1410 766 1437 829 ii
1456 765 1578 851 signati
1593 784 1661 827 uon
1681 774 1757 828 aunt
1773 772 1848 825 ante
1863 760 1937 831 XV.

396 904 463 945 non
481 887 640 960 reciperet
659 876 698 957 Ι).
727 872 850 935 Similia
866 880 1026 934 memorat'
1044 870 1141 934 etiam
1197 868 1269 931 ltal.
1289 870 1391 953 Aug„
1423 881 1460 931 ut
1479 868 1564 930 infra
1586 868 1620 929 in
1644 867 1751 929 numia
1772 864 1939 949 inscriptio

398 980 593 1045 Plutarchus
607 975 653 1061 l²).
674 976 824 1039 atenim
843 978 956 1037 urbem
975 979 1145 1056 ingressus
1198 971 1332 1035 PONT.
1349 970 1507 1036 namot.
1525 968 1725 1053 probabitur.

396 1097 532 1149 canctus
563 1093 613 1143 est
642 1099 663 1140 a
688 1077 812 1161 populo
841 1078 885 1137 cd
909 1074 1144 1137 adsumendum
1263 1073 1368 1155 Caput
1394 1072 1430 1133 iu
1455 1068 1604 1135 omnibua
1631 1070 1705 1133 fere
1733 1070 1805 1152 ejua
1833 1064 1943 1131 numia

399 1188 477 1250 AV
478 1184 546 1248 GV
546 1182 624 1245 STI
638 1180 775 1242 titulum
791 1178 831 1259 ο).
861 1174 949 1269 Quin
967 1174 1143 1239 inclinante
1201 1176 1383 1239 laureatum
1398 1185 1468 1251 eat,
1488 1192 1626 1257 perraro
1642 1172 1777 1234 nntium,

398 1288 547 1358 fortuna,
579 1302 653 1346 cnm
674 1279 716 1342 ab
737 1277 887 1341 boatibua
904 1276 1048 1361 undiquc
1071 1296 1147 1356 pre·
1268 1280 1380 1340 Putris
1398 1276 1532 1357 patrina
1553 1271 1682 1335 titulum
1704 1272 1814 1335 nnllna
1835 1282 1947 1336 certus

399 1401 565 1462 meretur,
594 1396 628 1445 ct
651 1378 925 1445 CAESAREM
942 1400 979 1439 se
1001 1380 1071 1439 dici
1094 1397 1147 1438 vo·
1202 1377 1331 1445 Vitellii
1353 1396 1470 1437 numus
1493 1372 1602 1437 offert.
1632 1376 1742 1443 Vnum
1763 1394 1903 1437 aeneum
1925 1373 1949 1436 1.

401 1490 469 1552 luit
495 1493 690 1567 aspernatus
714 1492 828 1554 anteo,
856 1480 914 1541 sed
935 1489 1015 1540 tunc
1038 1498 1149 1559 super·
1203 1477 1330 1542 formae
1354 1498 1428 1541 cnm
1451 1476 1521 1559 ejna
1539 1478 1705 1542 mentione
1723 1476 1807 1540 aiatit
1825 1474 1951 1539 Pedrn-

401 1592 541 1651 stitione
567 1584 712 1646 nominis
734 1578 778 1663 d).
808 1580 861 1641 Ex
882 1578 932 1640 hia
954 1576 1148 1641 testimoniis
1205 1582 1290 1658 aina,
1317 1577 1375 1643 aad
1398 1580 1471 1665 qai,
1499 1593 1536 1642 ut
1556 1600 1599 1643 cx
1620 1580 1690 1662 ejna
1710 1579 1853 1662 imagine
1875 1596 1952 1640 con·

371 1748 376 1755 ,
403 1686 596 1771 explicatam
630 1683 787 1747 habemus
816 1680 976 1743 rationem
1006 1678 1149 1763 appella·
1205 1682 1307 1767 jicero
1329 1682 1426 1757 licet,
1448 1682 1525 1743 aatia
1546 1681 1676 1766 integer
1697 1703 1764 1745 non
1786 1679 1858 1744 fuit.
1887 1676 1949 1739 nti·

402 1788 546 1865 tionum,
572 1804 653 1871 quae
674 1784 708 1845 iu
724 1782 830 1845 namin
849 1795 903 1845 aut
919 1800 1067 1865 semper,
1094 1792 1149 1841 aut
1204 1784 1304 1847 rania
1325 1783 1506 1867 Schlegolii
1522 1784 1709 1861 oscitantia,
1732 1782 1789 1867 qui
1809 1781 1845 1842 in
1864 1798 1952 1845 com·

287 1920 290 1927 v
401 1892 529 1966 uarius,
550 1900 603 1951 aut
622 1903 786 1969 nunquam
805 1883 970 1965 leguntur.
999 1881 1148 1944 Caesarie
1204 1884 1366 1947 mentario
1395 1882 1435 1946 etl
1461 1885 1668 1963 Marcilium,
1699 1884 1833 1968 ejuaqne
1860 1881 1951 1945 tabu·

401 2012 524 2057 nomen
548 1991 582 2051 in
605 1989 656 2051 bia
679 1986 787 2063 abeat,
818 1983 881 2048 etei
901 1982 983 2046 illud
1005 1982 1147 2064 denique
1204 1985 1270 2048 lam
1296 1989 1322 2047 1.
1344 1984 1473 2052 Vitellii
1499 2008 1586 2051 num.
1606 2008 1640 2047 ιι
1664 2006 1783 2049 revera
1803 1984 1891 2047 bunc
1911 1983 1950 2044 ti·
2016 1976 2024 1989 '

401 2094 606 2167 admitteret,
641 2107 773 2162 rernm,
805 2098 844 2149 ut
870 2097 1020 2168 apparet,
1052 2080 1148 2144 nimie
1203 2088 1309 2150 tulum
1329 2102 1507 2165 memorat,
1532 2088 1589 2173 qui
1608 2100 1717 2149 tamen
1735 2084 1768 2148 iu
1786 2085 1860 2168 ipao
1877 2086 1950 2146 Ho-

402 2214 493 2261 aero.
523 2190 663 2276 Legitur
687 2185 855 2251 tamenin
877 2185 985 2250 numia
1008 2185 1151 2249 Alexan·
1205 2190 1296 2252 rellii
1319 2203 1438 2274 ectypo
1467 2188 1576 2265 abest,
1607 2208 1750 2273 eumque
1778 2185 1951 2271 aliquoties

405 2294 526 2368 erinis,
558 2290 701 2354 nondum
729 2288 856 2353 scilicet
878 2297 1050 2369 perspecta
1079 2286 1150 2366 eju·
1185 2282 1344 2354 'sannae
1374 2289 1535 2367 obtrudit,
1566 2311 1596 2356 v.
1617 2310 1646 2355 ο.
1668 2310 1700 2373 p.
1716 2288 1779 2369 237
1803 2290 1865 2353 bia.
1908 2288 1954 2352 At

281 2422 283 2425 ·
403 2396 588 2470 voluntate,
613 2392 685 2476 ipso
701 2410 783 2455 vero
800 2388 937 2458 Vitellio
955 2386 1065 2469 paucis
1084 2398 1152 2447 tan·
1207 2411 1307 2469 vero,
1337 2392 1426 2476 quod
1449 2392 1513 2474 jam
1534 2390 1611 2454 alian
1632 2390 1786 2467 memini,
1817 2388 1852 2451 in
1881 2401 1953 2453 toto

404 2510 475 2561 tum
503 2495 618 2558 diebus
642 2491 677 2553 in
703 2492 854 2572 Aegypto
881 2488 991 2571 agnito
1014 2488 1153 2571 impera·
1208 2491 1272 2556 boc
1300 2512 1402 2574 opere
1430 2492 1505 2576 ejua
1528 2504 1803 2557 commentatores
1829 2510 1894 2576 pro
1919 2489 1958 2552 li-

402 2610 490 2661 tore.
513 2594 613 2678 Atqui
631 2594 658 2657 ai
680 2612 740 2677 per
759 2589 950 2655 modestiam
972 2588 1154 2655 venerabili
1208 2591 1339 2671 biclinc,
1364 2614 1443 2679 quaa
1463 2593 1619 2660 volebant
1637 2593 1751 2677 capitia
1772 2589 1956 2675 inscriptio-

405 2720 448 2764 eo
466 2696 598 2761 nominc
616 2694 782 2770 abstinuit,
800 2691 930 2756 unicum
948 2690 1035 2756 iatnd
1050 2691 1155 2762 Vitel-
1209 2712 1270 2758 nea
1286 2714 1405 2780 magno
1422 2695 1500 2759 artie
1519 2708 1650 2759 nontam
1668 2693 1897 2772 incommodo,
1923 2704 1958 2757 et

406 2801 446 2864 lii
465 2801 602 2873 factum,
627 2795 703 2858 dnm
723 2795 755 2856 iu
773 2794 904 2878 fastigio
924 2795 1028 2873 stetit,
1056 2791 1153 2858 landa
1211 2795 1343 2860 errandi
1374 2795 1523 2880 periculo
1553 2817 1630 2861 cnm
1656 2795 1805 2880 partibo·
1835 2794 1958 2864 avernia

409 2901 545 2986 (lignum
566 2897 673 2963 rideri
696 2895 808 2979 possit.
838 2897 923 2960 Sane
943 2895 1046 2980 magia
1071 2895 1157 2960 vitae
1215 2909 1480 2984 compoaueruut.

411 3001 636 3086 congruebant
659 2999 792 3063 nomina
810 2997 943 3062 ultimae
968 2997 1118 3060 infamiae
1139 3018 1158 3059 a

409 3104 521 3169 ‹licace
539 3103 640 3184 rnlgo
657 3101 773 3176 indita,
790 3105 951 3178 spintriae
968 3097 1011 3162 ob
1030 3099 1159 3161 exerci-

407 3221 457 3268 tau
477 3225 551 3268 oum
571 3201 742 3264 'l'ilierio
733 3223 767 3261 ιιι
789 3200 923 3282 Capreis
946 3199 1100 3278 libitlinca
1115 3201 1158 3279 ),

407 3305 609 3368 incendiarii
627 3301 852 3363 obincenaum
868 3300 1081 3416 Capitolium,
1097 3323 1158 3382 po·
1357 3305 1403 3368 Va
1420 3305 1477 3370 tir.
1487 3305 1533 3370 Κ.

1399 3141 1556 3201 Portas
1586 3157 1775 3203 auersae.

324 3427 329 3433 ·
408 3407 531 3469 iinarii
553 3402 597 3466 ob
621 3399 846 3465 conviviorum
876 3399 1050 3477 insaniam,
1086 3415 1155 3464 tum
1210 3403 1377 3470 BONOS.
1393 3406 1463 3468 ΕΤ.
1477 3403 1653 3471 VIRTVS.
1669 3403 1704 3470 8
1717 3401 1755 3469 C
1776 3403 1959 3472 Honoran-

411 3504 499 3625 quoti
515 3503 654 3589 patinam
672 3513 876 3584 argenteam,
899 3521 960 3584 qua
976 3501 1042 3564 cibi
1058 3523 1156 3585 quae·
1213 3508 1368 3569 minucius
1391 3517 1486 3568 stans
1511 3507 1545 3569 d.
1563 3505 1716 3582 hastam,
1750 3527 1777 3569 s.
1799 3521 1962 3564 cornuco-

411 3607 555 3673 aitiaaimi
576 3604 785 3688 parabantur,
812 3601 887 3668 ob
878 3623 1068 3667 ammoniam
1091 3625 1156 3666 ma·
1209 3611 1304 3689 piae,
1321 3608 1422 3686 iuxta
1442 3619 1537 3670 stans
1556 3609 1675 3671 Vitem
1692 3607 1805 3689 capite
1816 3602 1957 3686 gelenio

413 3707 614 3794 gnitudioem
640 3707 791 3788 cly‘peum
815 3707 989 3767 Mineruae
1013 3706 1157 3788 appella·
1213 3708 1244 3771 d.
1265 3709 1502 3789 paretonium,
1521 3713 1554 3772 ἰ.
1578 3709 1730 3783 bustam,
1754 3717 1791 3768 ct
1815 3705 1957 3768 dautem

412 3812 477 3886 uit,
504 3807 747 3891 dedicavitque,
776 3826 871 3890 quam
894 3805 998 3868 aeriua
1020 3805 1156 3869 Hadria·
1207 3809 1291 3890 pede
1302 3809 1446 3890 galeam,
1458 3809 1826 3891 utvidctur,prcmens.
1846 3804 1957 3872 ml.

413 3931 475 3974 uua
491 3911 524 3971 in
541 3910 684 3972 aaniorea
699 3905 919 3990 nanaconssari
933 3909 1100 3993 praecepit
1118 3906 1154 3992 s).
1211 3912 1312 3992 (Mun.
1329 3910 1507 3993 Gaea.)

413 4011 499 4092 Ab‘
489 4024 599 4094 inepta
620 4007 717 4092 plebe
739 3985 877 4072 inditum
899 4009 932 4074 ci
954 4011 1052 4074 etiam
1076 4013 1158 4074 Con·
1275 4010 1427 4076 Eadem
1415 4030 1529 4077 averna
1542 4008 1636 4075 obria
1649 4021 1701 4073 eat
1715 3958 1957 4072 innumiaGal·

416 4115 550 4176 cnrdiac
566 4113 745 4191 nument).
1212 4113 1285 4177 bae.
1328 4115 1381 4176 Ad
1410 4135 1526 4178 numoa
1556 4111 1681 4177 similet
1712 4122 1873 4194 provocat
1906 4107 1959 4171 lo·

477 4216 529 4276 Ex
556 4213 624 4290 bia,
653 4232 735 4296 quae
757 4209 914 4288 diximua,
943 4211 1156 4276 indubitatum
1212 4215 1345 4294 bertus,
1380 4236 1455 4281 oum
1483 4216 1518 4280 in
1546 4213 1630 4278 illud
1656 4231 1823 4278 umerum
1851 4228 1960 4295 genua

417 4331 485 4394 cat,
508 4335 624 4378 numos
641 4313 784 4390 Vitellii,
805 4313 862 4396 qui
880 4315 1032 4396 Augusti
1045 4315 1158 4398 appel·
1212 4317 1367 4401 inquirit,
1396 4314 1485 4402 quod
1508 4337 1607 4402 caepe
1626 4316 1661 4378 in
1682 4327 1816 4379 moneta
1838 4326 1960 4398 rptore

416 4419 537 4482 latione
555 4417 732 4510 abstinent,
757 4415 893 4501 reliquia
907 4429 1056 4500 tempora
1072 4418 1160 4501 prio-
1215 4441 1234 4481 ι
1254 4419 1333 4482 riria
1353 4419 1546 4483 militaribua
1566 4418 1731 4504 praeferri
1750 4437 1850 4480 manu
1867 4413 1961 4480 ride·

415 4539 470 4588 ree
498 4539 582 4584 caua.
619 4521 655 4580 lu
676 4517 792 4602 quibua
815 4517 842 4582 ia
866 4516 983 4581 dicitur
1003 4509 1161 4604 pontific
1216 4541 1307 4599 mua,
1337 4533 1373 4584 et
1396 4522 1438 4587 ab
1467 4521 1656 4607 auuqmiia
1685 4521 1787 4606 vulgo
1814 4537 1961 4603 parazo-

453 4743 485 4812 a)
504 4742 598 4799 Tacit.
611 4741 727 4802 uisall.
739 4747 784 4807 6²·
835 4743 871 4819 b)
889 4745 921 4803 in
937 4745 1034 4804 Galba
1050 4753 1170 4825 p.1o63.
1219 4751 1250 4824 c)
1268 4750 1362 4806 Tacit.
1375 4747 1497 4810 nisan.
1510 4761 1555 4824 90.
1605 4749 1640 4820 tl)
1657 4749 1969 4813 Tactaffiaamtt·

419 4831 450 4902 a)
469 4829 550 4888 Suet.
567 4843 629 4895 aa.
683 4831 710 4904 s)
731 4832 811 4892 Suae
827 4847 906 4900 aas.
925 4849 967 4901 17.
986 4836 1043 4895 nio
1056 4837 1090 4896 1..
1098 4837 1184 4902 LXV.
1199 4851 1226 4904 3.
1282 4841 1315 4919 g)
1334 4831 1414 4898 Suet.
1430 4851 1508 4906 ets.
