<?xml version="1.0" encoding="UTF-8"?>
<!DOCTYPE html PUBLIC "-//W3C//DTD XHTML 1.0 Transitional//EN"
    "http://www.w3.org/TR/xhtml1/DTD/xhtml1-transitional.dtd">
<html xmlns="http://www.w3.org/1999/xhtml" xml:lang="en" lang="en">
 <head>
  <title>
</title>
<meta http-equiv="Content-Type" content="text/html;charset=utf-8" />
  <meta name='ocr-system' content='tesseract 3.04.00' />
  <meta name='ocr-capabilities' content='ocr_page ocr_carea ocr_par ocr_line ocrx_word'/>
</head>
<body>
  <div class='ocr_page' id='page_1' title='image "./doctrinanumorum01steigoog/doctrinanumorum01steigoog_0171.png"; bbox 0 0 4267 5500; ppageno 0'>
   <div class='ocr_carea' id='block_1_1' title="bbox 646 473 1111 621">
    <p class='ocr_par' dir='ltr' id='par_1_1' title="bbox 646 473 1111 621">
     <span class='ocr_line' id='line_1_1' title="bbox 646 473 1111 621; baseline -0.013 0"><span class='ocrx_word' id='word_1_1' title='bbox 646 597 655 621; x_wconf 71' lang='grc'>,</span> <span class='ocrx_word' id='word_1_2' title='bbox 767 473 1111 615; x_wconf 54' lang='lat' dir='ltr'><strong>svosrs‘rve&#39;.</strong></span> 
     </span>
    </p>
   </div>
   <div class='ocr_carea' id='block_1_2' title="bbox 153 697 897 792">
    <p class='ocr_par' dir='ltr' id='par_1_2' title="bbox 153 697 897 792">
     <span class='ocr_line' id='line_1_2' title="bbox 153 697 897 792; baseline -0.009 -23"><span class='ocrx_word' id='word_1_3' title='bbox 153 707 232 782; x_wconf 82' lang='lat' dir='ltr'><strong>tius,</strong></span> <span class='ocrx_word' id='word_1_4' title='bbox 253 705 377 792; x_wconf 86' lang='lat' dir='ltr'><strong>inquo</strong></span> <span class='ocrx_word' id='word_1_5' title='bbox 398 704 438 770; x_wconf 85' lang='lat' dir='ltr'><strong>C.</strong></span> <span class='ocrx_word' id='word_1_6' title='bbox 460 704 501 771; x_wconf 89' lang='lat' dir='ltr'><strong>A.</strong></span> <span class='ocrx_word' id='word_1_7' title='bbox 522 701 609 765; x_wconf 80' lang='lat' dir='ltr'><strong>intra</strong></span> <span class='ocrx_word' id='word_1_8' title='bbox 629 699 791 778; x_wconf 83' lang='lat' dir='ltr'><strong>lauream,</strong></span> <span class='ocrx_word' id='word_1_9' title='bbox 811 697 897 766; x_wconf 80' lang='lat' dir='ltr'><strong>reri·</strong></span> 
     </span>
    </p>
   </div>
   <div class='ocr_carea' id='block_1_3' title="bbox 150 802 931 887">
    <p class='ocr_par' dir='ltr' id='par_1_3' title="bbox 150 802 931 887">
     <span class='ocr_line' id='line_1_3' title="bbox 150 802 931 887; baseline -0.012 -15"><span class='ocrx_word' id='word_1_10' title='bbox 150 807 304 872; x_wconf 81' lang='lat' dir='ltr'><strong>similiter</strong></span> <span class='ocrx_word' id='word_1_11' title='bbox 327 808 509 872; x_wconf 82' lang='lat' dir='ltr'><strong>Caesareas</strong></span> <span class='ocrx_word' id='word_1_12' title='bbox 530 804 697 887; x_wconf 76' lang='lat' dir='ltr'><strong>Augustae</strong></span> <span class='ocrx_word' id='word_1_13' title='bbox 720 802 897 868; x_wconf 85' lang='lat' dir='ltr'><strong>Trachoni-</strong></span> <span class='ocrx_word' id='word_1_14' title='bbox 929 869 931 876; x_wconf 54' lang='grc'>,</span> 
     </span>
    </p>
   </div>
   <div class='ocr_carea' id='block_1_4' title="bbox 143 905 898 1400">
    <p class='ocr_par' dir='ltr' id='par_1_4' title="bbox 143 905 898 1400">
     <span class='ocr_line' id='line_1_4' title="bbox 149 905 897 996; baseline -0.009 -23"><span class='ocrx_word' id='word_1_15' title='bbox 149 911 241 988; x_wconf 76' lang='lat' dir='ltr'><strong>sidia,</strong></span> <span class='ocrx_word' id='word_1_16' title='bbox 279 923 415 996; x_wconf 69' lang='lat' dir='ltr'><strong>quartus</strong></span> <span class='ocrx_word' id='word_1_17' title='bbox 449 921 486 970; x_wconf 82' lang='lat' dir='ltr'><strong>et</strong></span> <span class='ocrx_word' id='word_1_18' title='bbox 512 907 647 994; x_wconf 80' lang='lat' dir='ltr'><strong>quintus</strong></span> <span class='ocrx_word' id='word_1_19' title='bbox 679 905 897 986; x_wconf 84' lang='lat' dir='ltr'><strong>Caesaraugu-</strong></span> 
     </span>
     <span class='ocr_line' id='line_1_5' title="bbox 149 1005 898 1088; baseline -0.008 -14"><span class='ocrx_word' id='word_1_20' title='bbox 149 1025 242 1088; x_wconf 80' lang='lat' dir='ltr'><strong>stae,</strong></span> <span class='ocrx_word' id='word_1_21' title='bbox 287 1025 323 1074; x_wconf 89' lang='lat' dir='ltr'><strong>et</strong></span> <span class='ocrx_word' id='word_1_22' title='bbox 351 1009 512 1074; x_wconf 77' lang='lat' dir='ltr'><strong>Patriciae</strong></span> <span class='ocrx_word' id='word_1_23' title='bbox 550 1008 753 1072; x_wconf 86' lang='lat' dir='ltr'><strong>coloniarum</strong></span> <span class='ocrx_word' id='word_1_24' title='bbox 782 1005 898 1088; x_wconf 84' lang='lat' dir='ltr'><strong>Hispa·</strong></span> 
     </span>
     <span class='ocr_line' id='line_1_6' title="bbox 146 1105 898 1194; baseline -0.013 -18"><span class='ocrx_word' id='word_1_25' title='bbox 146 1115 231 1178; x_wconf 86' lang='lat' dir='ltr'><strong>nise.</strong></span> <span class='ocrx_word' id='word_1_26' title='bbox 275 1114 330 1175; x_wconf 84' lang='lat' dir='ltr'><strong>De</strong></span> <span class='ocrx_word' id='word_1_27' title='bbox 360 1111 469 1194; x_wconf 85' lang='lat' dir='ltr'><strong>primo</strong></span> <span class='ocrx_word' id='word_1_28' title='bbox 500 1109 588 1174; x_wconf 77' lang='lat' dir='ltr'><strong>forte</strong></span> <span class='ocrx_word' id='word_1_29' title='bbox 618 1107 810 1171; x_wconf 72' lang='lat' dir='ltr'><strong>dubitabunt</strong></span> <span class='ocrx_word' id='word_1_30' title='bbox 841 1105 898 1168; x_wconf 76' lang='lat' dir='ltr'><strong>ati·</strong></span> 
     </span>
     <span class='ocr_line' id='line_1_7' title="bbox 146 1207 897 1302; baseline -0.011 -24"><span class='ocrx_word' id='word_1_31' title='bbox 146 1215 221 1302; x_wconf 79' lang='lat' dir='ltr'><strong>gui,</strong></span> <span class='ocrx_word' id='word_1_32' title='bbox 257 1234 356 1299; x_wconf 85' lang='lat' dir='ltr'><strong>quem</strong></span> <span class='ocrx_word' id='word_1_33' title='bbox 399 1223 577 1296; x_wconf 86' lang='lat' dir='ltr'><strong>propterea</strong></span> <span class='ocrx_word' id='word_1_34' title='bbox 611 1209 667 1272; x_wconf 90' lang='lat' dir='ltr'><strong>hic</strong></span> <span class='ocrx_word' id='word_1_35' title='bbox 712 1207 897 1272; x_wconf 77' lang='lat' dir='ltr'><strong>describam</strong></span> 
     </span>
     <span class='ocr_line' id='line_1_8' title="bbox 143 1311 897 1400; baseline -0.013 -20"><span class='ocrx_word' id='word_1_36' title='bbox 143 1317 303 1400; x_wconf 87' lang='lat' dir='ltr'><strong>subjectis</strong></span> <span class='ocrx_word' id='word_1_37' title='bbox 322 1311 622 1387; x_wconf 74' lang='lat' dir='ltr'><strong>observationibus,</strong></span> <span class='ocrx_word' id='word_1_38' title='bbox 643 1323 679 1373; x_wconf 85' lang='lat' dir='ltr'><strong>nt</strong></span> <span class='ocrx_word' id='word_1_39' title='bbox 696 1329 814 1394; x_wconf 79' lang='lat' dir='ltr'><strong>spero,</strong></span> <span class='ocrx_word' id='word_1_40' title='bbox 831 1329 897 1374; x_wconf 89' lang='lat' dir='ltr'><strong>non</strong></span> 
     </span>
    </p>
   </div>
   <div class='ocr_carea' id='block_1_5' title="bbox 15 1419 447 1485">
    <p class='ocr_par' dir='ltr' id='par_1_5' title="bbox 15 1419 447 1485">
     <span class='ocr_line' id='line_1_9' title="bbox 15 1419 447 1485; baseline -0.012 0"><span class='ocrx_word' id='word_1_41' title='bbox 15 1458 20 1485; x_wconf 85' lang='lat' dir='ltr'><strong>t</strong></span> <span class='ocrx_word' id='word_1_42' title='bbox 141 1419 326 1484; x_wconf 81' lang='lat' dir='ltr'><strong>inutilibus.</strong></span> <span class='ocrx_word' id='word_1_43' title='bbox 444 1473 447 1480; x_wconf 91' lang='lat'><strong>.</strong></span> 
     </span>
    </p>
   </div>
   <div class='ocr_carea' id='block_1_6' title="bbox 286 1473 897 1686">
    <p class='ocr_par' dir='ltr' id='par_1_6' title="bbox 286 1473 897 1686">
     <span class='ocr_line' id='line_1_10' title="bbox 286 1473 897 1586; baseline -0.013 -4"><span class='ocrx_word' id='word_1_44' title='bbox 286 1517 472 1583; x_wconf 68' lang='lat' dir='ltr'><strong>cresin</strong></span> <span class='ocrx_word' id='word_1_45' title='bbox 485 1473 897 1586; x_wconf 62' lang='lat' dir='ltr'><strong>consuminare„-</strong></span> 
     </span>
     <span class='ocr_line' id='line_1_11' title="bbox 286 1611 896 1686; baseline -0.01 -2"><span class='ocrx_word' id='word_1_46' title='bbox 286 1619 472 1684; x_wconf 66' lang='lat' dir='ltr'><strong>cresse.</strong></span> <span class='ocrx_word' id='word_1_47' title='bbox 510 1615 759 1686; x_wconf 80' lang='lat' dir='ltr'><strong>avcvsrvs.</strong></span> <span class='ocrx_word' id='word_1_48' title='bbox 790 1611 896 1682; x_wconf 71' lang='lat' dir='ltr'><strong>mvi.</strong></span> 
     </span>
    </p>
   </div>
   <div class='ocr_carea' id='block_1_7' title="bbox 286 1711 929 1806">
    <p class='ocr_par' dir='ltr' id='par_1_7' title="bbox 286 1711 929 1806">
     <span class='ocr_line' id='line_1_12' title="bbox 286 1711 929 1806; baseline -0.019 -18"><span class='ocrx_word' id='word_1_49' title='bbox 286 1727 328 1788; x_wconf 86' lang='lat' dir='ltr'><strong>F.</strong></span> <span class='ocrx_word' id='word_1_50' title='bbox 342 1723 503 1806; x_wconf 72' lang='lat' dir='ltr'><strong>PATER.</strong></span> <span class='ocrx_word' id='word_1_51' title='bbox 539 1717 744 1782; x_wconf 81' lang='lat' dir='ltr'><strong>PATRIAE.</strong></span> <span class='ocrx_word' id='word_1_52' title='bbox 791 1718 899 1799; x_wconf 82' lang='lat' dir='ltr'><strong>Caput</strong></span> <span class='ocrx_word' id='word_1_53' title='bbox 926 1711 929 1720; x_wconf 88' lang='grc'><strong><em>’</em></strong></span> 
     </span>
    </p>
   </div>
   <div class='ocr_carea' id='block_1_8' title="bbox 147 1828 912 3028">
    <p class='ocr_par' dir='ltr' id='par_1_8' title="bbox 147 1828 912 2200">
     <span class='ocr_line' id='line_1_13' title="bbox 290 1828 912 1888; baseline -0.026 0"><span class='ocrx_word' id='word_1_54' title='bbox 290 1828 492 1888; x_wconf 81' lang='lat' dir='ltr'><strong>laureatum.</strong></span> <span class='ocrx_word' id='word_1_55' title='bbox 908 1879 912 1888; x_wconf 20' lang='lat' dir='ltr'>k</span> 
     </span>
     <span class='ocr_line' id='line_1_14' title="bbox 148 1917 912 1997; baseline -0.03 0"><span class='ocrx_word' id='word_1_56' title='bbox 148 1931 264 1997; x_wconf 68' lang='lat' dir='ltr'><strong>ROB.</strong></span> <span class='ocrx_word' id='word_1_57' title='bbox 285 1929 358 1992; x_wconf 82' lang='grc' dir='ltr'><strong>ΕΤ.</strong></span> <span class='ocrx_word' id='word_1_58' title='bbox 382 1923 485 1992; x_wconf 79' lang='lat' dir='ltr'><strong>AVG.</strong></span> <span class='ocrx_word' id='word_1_59' title='bbox 523 1924 603 1986; x_wconf 85' lang='lat' dir='ltr'><strong>Ara</strong></span> <span class='ocrx_word' id='word_1_60' title='bbox 624 1925 713 1985; x_wconf 81' lang='lat' dir='ltr'><strong>inter</strong></span> <span class='ocrx_word' id='word_1_61' title='bbox 733 1917 819 1982; x_wconf 76' lang='lat' dir='ltr'><strong>siuns</strong></span> <span class='ocrx_word' id='word_1_62' title='bbox 841 1920 912 1982; x_wconf 68' lang='lat' dir='ltr'><strong>Vn,</strong></span> 
     </span>
     <span class='ocr_line' id='line_1_15' title="bbox 147 2018 898 2097; baseline -0.019 1"><span class='ocrx_word' id='word_1_63' title='bbox 147 2037 279 2097; x_wconf 79' lang='lat' dir='ltr'><strong>storias</strong></span> <span class='ocrx_word' id='word_1_64' title='bbox 292 2032 371 2092; x_wconf 78' lang='lat' dir='ltr'><strong>basi</strong></span> <span class='ocrx_word' id='word_1_65' title='bbox 382 2029 583 2090; x_wconf 77' lang='lat' dir='ltr'><strong>insistentes.</strong></span> <span class='ocrx_word' id='word_1_66' title='bbox 622 2023 694 2090; x_wconf 78' lang='lat' dir='ltr'><strong>An.</strong></span> <span class='ocrx_word' id='word_1_67' title='bbox 708 2041 791 2086; x_wconf 78' lang='lat' dir='ltr'><strong>max.</strong></span> <span class='ocrx_word' id='word_1_68' title='bbox 807 2018 898 2084; x_wconf 84' lang='lat' dir='ltr'><strong>mod.</strong></span> 
     </span>
     <span class='ocr_line' id='line_1_16' title="bbox 147 2126 550 2200; baseline -0.027 0"><span class='ocrx_word' id='word_1_69' title='bbox 147 2135 206 2200; x_wconf 80' lang='lat' dir='ltr'><strong>rel</strong></span> <span class='ocrx_word' id='word_1_70' title='bbox 227 2137 254 2198; x_wconf 91' lang='lat'><strong>1.</strong></span> <span class='ocrx_word' id='word_1_71' title='bbox 281 2133 322 2193; x_wconf 88' lang='lat'><strong>11.</strong></span> <span class='ocrx_word' id='word_1_72' title='bbox 339 2131 395 2194; x_wconf 91' lang='lat'><strong>111.</strong></span> <span class='ocrx_word' id='word_1_73' title='bbox 411 2126 550 2189; x_wconf 79' lang='lat' dir='ltr'><strong>formae.</strong></span> 
     </span>
    </p>

    <p class='ocr_par' dir='ltr' id='par_1_9' title="bbox 152 2219 907 3028">
     <span class='ocr_line' id='line_1_17' title="bbox 216 2219 899 2318; baseline -0.023 -20"><span class='ocrx_word' id='word_1_74' title='bbox 216 2230 402 2318; x_wconf 86' lang='lat' dir='ltr'><strong>Antiqusrii</strong></span> <span class='ocrx_word' id='word_1_75' title='bbox 421 2228 620 2291; x_wconf 70' lang='lat' dir='ltr'><strong>disserentes</strong></span> <span class='ocrx_word' id='word_1_76' title='bbox 645 2222 686 2286; x_wconf 83' lang='lat' dir='ltr'><strong>de</strong></span> <span class='ocrx_word' id='word_1_77' title='bbox 702 2221 809 2285; x_wconf 87' lang='lat' dir='ltr'><strong>nnmis</strong></span> <span class='ocrx_word' id='word_1_78' title='bbox 830 2219 899 2312; x_wconf 83' lang='lat' dir='ltr'><strong>his,</strong></span> 
     </span>
     <span class='ocr_line' id='line_1_18' title="bbox 152 2325 902 2427; baseline -0.023 -26"><span class='ocrx_word' id='word_1_79' title='bbox 152 2339 212 2427; x_wconf 86' lang='lat' dir='ltr'><strong>qui</strong></span> <span class='ocrx_word' id='word_1_80' title='bbox 242 2334 395 2402; x_wconf 87' lang='lat' dir='ltr'><strong>omnibus</strong></span> <span class='ocrx_word' id='word_1_81' title='bbox 421 2331 455 2392; x_wconf 87' lang='lat' dir='ltr'><strong>in</strong></span> <span class='ocrx_word' id='word_1_82' title='bbox 482 2329 604 2392; x_wconf 85' lang='lat' dir='ltr'><strong>muscis</strong></span> <span class='ocrx_word' id='word_1_83' title='bbox 633 2325 722 2390; x_wconf 84' lang='lat' dir='ltr'><strong>obvii</strong></span> <span class='ocrx_word' id='word_1_84' title='bbox 744 2336 835 2400; x_wconf 83' lang='lat' dir='ltr'><strong>sunt,</strong></span> <span class='ocrx_word' id='word_1_85' title='bbox 867 2335 902 2384; x_wconf 86' lang='lat' dir='ltr'><strong>et</strong></span> 
     </span>
     <span class='ocr_line' id='line_1_19' title="bbox 153 2425 903 2524; baseline -0.029 -17"><span class='ocrx_word' id='word_1_86' title='bbox 153 2443 248 2524; x_wconf 78' lang='lat' dir='ltr'><strong>cujus</strong></span> <span class='ocrx_word' id='word_1_87' title='bbox 271 2436 404 2522; x_wconf 87' lang='lat' dir='ltr'><strong>generis</strong></span> <span class='ocrx_word' id='word_1_88' title='bbox 421 2448 606 2518; x_wconf 83' lang='lat' dir='ltr'><strong>postremus</strong></span> <span class='ocrx_word' id='word_1_89' title='bbox 624 2447 698 2490; x_wconf 85' lang='lat' dir='ltr'><strong>cum</strong></span> <span class='ocrx_word' id='word_1_90' title='bbox 714 2425 819 2508; x_wconf 81' lang='lat' dir='ltr'><strong>capite</strong></span> <span class='ocrx_word' id='word_1_91' title='bbox 837 2425 903 2486; x_wconf 86' lang='lat' dir='ltr'><strong>Ne·</strong></span> 
     </span>
     <span class='ocr_line' id='line_1_20' title="bbox 153 2526 902 2608; baseline -0.024 -1"><span class='ocrx_word' id='word_1_92' title='bbox 153 2543 249 2608; x_wconf 86' lang='lat' dir='ltr'><strong>ronis</strong></span> <span class='ocrx_word' id='word_1_93' title='bbox 272 2553 323 2603; x_wconf 84' lang='lat' dir='ltr'><strong>est</strong></span> <span class='ocrx_word' id='word_1_94' title='bbox 345 2539 381 2600; x_wconf 88' lang='lat' dir='ltr'><strong>in</strong></span> <span class='ocrx_word' id='word_1_95' title='bbox 401 2555 515 2598; x_wconf 87' lang='lat' dir='ltr'><strong>museo</strong></span> <span class='ocrx_word' id='word_1_96' title='bbox 541 2534 718 2605; x_wconf 84' lang='lat' dir='ltr'><strong>Caesareo,</strong></span> <span class='ocrx_word' id='word_1_97' title='bbox 745 2527 780 2588; x_wconf 89' lang='lat' dir='ltr'><strong>ia</strong></span> <span class='ocrx_word' id='word_1_98' title='bbox 798 2526 902 2591; x_wconf 80' lang='lat' dir='ltr'><strong>varies</strong></span> 
     </span>
     <span class='ocr_line' id='line_1_21' title="bbox 155 2627 904 2710; baseline -0.027 -2"><span class='ocrx_word' id='word_1_99' title='bbox 155 2645 272 2708; x_wconf 80' lang='lat' dir='ltr'><strong>abiere</strong></span> <span class='ocrx_word' id='word_1_100' title='bbox 293 2640 481 2704; x_wconf 86' lang='lat' dir='ltr'><strong>sententias.</strong></span> <span class='ocrx_word' id='word_1_101' title='bbox 517 2636 568 2698; x_wconf 84' lang='lat' dir='ltr'><strong>Nc</strong></span> <span class='ocrx_word' id='word_1_102' title='bbox 590 2633 752 2708; x_wconf 86' lang='lat' dir='ltr'><strong>incassum</strong></span> <span class='ocrx_word' id='word_1_103' title='bbox 772 2627 904 2710; x_wconf 80' lang='lat' dir='ltr'><strong>longior</strong></span> 
     </span>
     <span class='ocr_line' id='line_1_22' title="bbox 155 2732 906 2825; baseline -0.025 -13"><span class='ocrx_word' id='word_1_104' title='bbox 155 2749 240 2825; x_wconf 82' lang='lat' dir='ltr'><strong>sim,</strong></span> <span class='ocrx_word' id='word_1_105' title='bbox 261 2743 337 2807; x_wconf 84' lang='lat' dir='ltr'><strong>satis</strong></span> <span class='ocrx_word' id='word_1_106' title='bbox 354 2755 427 2805; x_wconf 85' lang='lat' dir='ltr'><strong>esto</strong></span> <span class='ocrx_word' id='word_1_107' title='bbox 445 2759 579 2812; x_wconf 82' lang='lat' dir='ltr'><strong>eorum,</strong></span> <span class='ocrx_word' id='word_1_108' title='bbox 609 2732 664 2817; x_wconf 86' lang='lat' dir='ltr'><strong>qui</strong></span> <span class='ocrx_word' id='word_1_109' title='bbox 685 2744 829 2795; x_wconf 82' lang='lat' dir='ltr'><strong>nostram</strong></span> <span class='ocrx_word' id='word_1_110' title='bbox 853 2750 906 2793; x_wconf 87' lang='lat' dir='ltr'><strong>ae·</strong></span> 
     </span>
     <span class='ocr_line' id='line_1_23' title="bbox 154 2831 905 2931; baseline -0.031 -16"><span class='ocrx_word' id='word_1_111' title='bbox 154 2864 259 2915; x_wconf 77' lang='lat' dir='ltr'><strong>tutem</strong></span> <span class='ocrx_word' id='word_1_112' title='bbox 292 2846 429 2931; x_wconf 87' lang='lat' dir='ltr'><strong>propius</strong></span> <span class='ocrx_word' id='word_1_113' title='bbox 458 2841 670 2921; x_wconf 84' lang='lat' dir='ltr'><strong>contingunt,</strong></span> <span class='ocrx_word' id='word_1_114' title='bbox 702 2831 905 2916; x_wconf 82' lang='lat' dir='ltr'><strong>Schlegelii‚</strong></span> 
     </span>
     <span class='ocr_line' id='line_1_24' title="bbox 157 2932 907 3028; baseline -0.032 -11"><span class='ocrx_word' id='word_1_115' title='bbox 157 2968 194 3017; x_wconf 88' lang='lat' dir='ltr'><strong>et</strong></span> <span class='ocrx_word' id='word_1_116' title='bbox 215 2944 435 3028; x_wconf 83' lang='lat' dir='ltr'><strong>Harercampi</strong></span> <span class='ocrx_word' id='word_1_117' title='bbox 453 2941 573 3027; x_wconf 80' lang='lat' dir='ltr'><strong>judicia</strong></span> <span class='ocrx_word' id='word_1_118' title='bbox 594 2937 724 3001; x_wconf 63' lang='lat' dir='ltr'><strong>referre</strong></span> <span class='ocrx_word' id='word_1_119' title='bbox 746 2936 786 3016; x_wconf 84' lang='lat'><strong>¹).</strong></span> <span class='ocrx_word' id='word_1_120' title='bbox 818 2932 907 3000; x_wconf 86' lang='lat' dir='ltr'><strong>Vtri·</strong></span> 
     </span>
    </p>
   </div>
   <div class='ocr_carea' id='block_1_9' title="bbox 1633 558 1703 624">
    <p class='ocr_par' dir='ltr' id='par_1_10' title="bbox 1633 558 1703 624">
     <span class='ocr_line' id='line_1_25' title="bbox 1633 558 1703 624; baseline 0.057 -4"><span class='ocrx_word' id='word_1_121' title='bbox 1633 558 1703 624; x_wconf 75' lang='lat'><strong>133</strong></span> 
     </span>
    </p>
   </div>
   <div class='ocr_carea' id='block_1_10' title="bbox 952 700 1700 893">
    <p class='ocr_par' dir='ltr' id='par_1_11' title="bbox 952 700 1700 893">
     <span class='ocr_line' id='line_1_26' title="bbox 953 700 1700 792; baseline 0.012 -29"><span class='ocrx_word' id='word_1_122' title='bbox 953 713 1070 784; x_wconf 83' lang='lat' dir='ltr'><strong>petere</strong></span> <span class='ocrx_word' id='word_1_123' title='bbox 1093 719 1158 764; x_wconf 89' lang='lat' dir='ltr'><strong>non</strong></span> <span class='ocrx_word' id='word_1_124' title='bbox 1178 700 1282 768; x_wconf 68' lang='lat' dir='ltr'><strong>sicat.</strong></span> <span class='ocrx_word' id='word_1_125' title='bbox 1324 704 1416 789; x_wconf 88' lang='lat' dir='ltr'><strong>Ergo</strong></span> <span class='ocrx_word' id='word_1_126' title='bbox 1443 705 1518 770; x_wconf 80' lang='lat' dir='ltr'><strong>riso</strong></span> <span class='ocrx_word' id='word_1_127' title='bbox 1551 707 1700 792; x_wconf 84' lang='lat' dir='ltr'><strong>Augusto</strong></span> 
     </span>
     <span class='ocr_line' id='line_1_27' title="bbox 952 802 1699 893; baseline 0.016 -29"><span class='ocrx_word' id='word_1_128' title='bbox 952 802 1043 874; x_wconf 80' lang='lat' dir='ltr'><strong>numi</strong></span> <span class='ocrx_word' id='word_1_129' title='bbox 1055 802 1096 872; x_wconf 84' lang='lat' dir='ltr'><strong>¹hi</strong></span> <span class='ocrx_word' id='word_1_130' title='bbox 1116 804 1149 863; x_wconf 87' lang='lat' dir='ltr'><strong>in</strong></span> <span class='ocrx_word' id='word_1_131' title='bbox 1166 802 1235 886; x_wconf 88' lang='lat' dir='ltr'><strong>ipsa</strong></span> <span class='ocrx_word' id='word_1_132' title='bbox 1251 804 1335 868; x_wconf 83' lang='lat' dir='ltr'><strong>urbe</strong></span> <span class='ocrx_word' id='word_1_133' title='bbox 1349 807 1445 869; x_wconf 78' lang='lat' dir='ltr'><strong>feriri</strong></span> <span class='ocrx_word' id='word_1_134' title='bbox 1460 828 1527 871; x_wconf 90' lang='lat' dir='ltr'><strong>non</strong></span> <span class='ocrx_word' id='word_1_135' title='bbox 1546 823 1699 893; x_wconf 85' lang='lat' dir='ltr'><strong>potuere.</strong></span> 
     </span>
    </p>
   </div>
   <div class='ocr_carea' id='block_1_11' title="bbox 953 905 1804 991">
    <p class='ocr_par' dir='ltr' id='par_1_12' title="bbox 953 905 1804 991">
     <span class='ocr_line' id='line_1_28' title="bbox 953 905 1804 991; baseline 0.011 -26"><span class='ocrx_word' id='word_1_136' title='bbox 953 905 1045 967; x_wconf 87' lang='lat' dir='ltr'><strong>Haec</strong></span> <span class='ocrx_word' id='word_1_137' title='bbox 1072 905 1141 988; x_wconf 85' lang='lat' dir='ltr'><strong>ipsa</strong></span> <span class='ocrx_word' id='word_1_138' title='bbox 1163 921 1354 987; x_wconf 88' lang='lat' dir='ltr'><strong>argumenta</strong></span> <span class='ocrx_word' id='word_1_139' title='bbox 1375 929 1454 972; x_wconf 84' lang='lat' dir='ltr'><strong>cum</strong></span> <span class='ocrx_word' id='word_1_140' title='bbox 1476 908 1597 991; x_wconf 77' lang='lat' dir='ltr'><strong>invicta</strong></span> <span class='ocrx_word' id='word_1_141' title='bbox 1612 909 1714 976; x_wconf 67' lang='lat' dir='ltr'><strong>ride.</strong></span> <span class='ocrx_word' id='word_1_142' title='bbox 1800 952 1804 959; x_wconf 88' lang='lat'><strong>·</strong></span> 
     </span>
    </p>
   </div>
   <div class='ocr_carea' id='block_1_12' title="bbox 953 1007 1791 3015">
    <p class='ocr_par' dir='ltr' id='par_1_13' title="bbox 953 1007 1763 1799">
     <span class='ocr_line' id='line_1_29' title="bbox 953 1007 1713 1095; baseline 0.012 -29"><span class='ocrx_word' id='word_1_143' title='bbox 953 1019 1068 1067; x_wconf 87' lang='lat' dir='ltr'><strong>rentur</strong></span> <span class='ocrx_word' id='word_1_144' title='bbox 1094 1007 1341 1092; x_wconf 83' lang='lat' dir='ltr'><strong>Havercampo‚</strong></span> <span class='ocrx_word' id='word_1_145' title='bbox 1364 1029 1517 1095; x_wconf 84' lang='lat' dir='ltr'><strong>cumque</strong></span> <span class='ocrx_word' id='word_1_146' title='bbox 1534 1031 1590 1073; x_wconf 77' lang='lat' dir='ltr'><strong>ex</strong></span> <span class='ocrx_word' id='word_1_147' title='bbox 1622 1013 1713 1075; x_wconf 77' lang='lat' dir='ltr'><strong>Sue·-</strong></span> 
     </span>
     <span class='ocr_line' id='line_1_30' title="bbox 953 1107 1703 1203; baseline 0.009 -34"><span class='ocrx_word' id='word_1_148' title='bbox 953 1108 1061 1184; x_wconf 86' lang='lat' dir='ltr'><strong>tonio,</strong></span> <span class='ocrx_word' id='word_1_149' title='bbox 1083 1107 1220 1203; x_wconf 76' lang='lat' dir='ltr'><strong>aliisque</strong></span> <span class='ocrx_word' id='word_1_150' title='bbox 1237 1122 1382 1188; x_wconf 82' lang='lat' dir='ltr'><strong>constet,</strong></span> <span class='ocrx_word' id='word_1_151' title='bbox 1403 1111 1552 1195; x_wconf 84' lang='lat' dir='ltr'><strong>Augusto</strong></span> <span class='ocrx_word' id='word_1_152' title='bbox 1573 1113 1605 1172; x_wconf 90' lang='lat' dir='ltr'><strong>in</strong></span> <span class='ocrx_word' id='word_1_153' title='bbox 1626 1133 1703 1196; x_wconf 87' lang='lat' dir='ltr'><strong>pro·</strong></span> 
     </span>
     <span class='ocr_line' id='line_1_31' title="bbox 954 1207 1703 1294; baseline 0.005 -22"><span class='ocrx_word' id='word_1_154' title='bbox 954 1207 1069 1272; x_wconf 81' lang='lat' dir='ltr'><strong>vinciis</strong></span> <span class='ocrx_word' id='word_1_155' title='bbox 1085 1211 1204 1292; x_wconf 86' lang='lat' dir='ltr'><strong>passim</strong></span> <span class='ocrx_word' id='word_1_156' title='bbox 1220 1231 1291 1274; x_wconf 84' lang='lat' dir='ltr'><strong>aras</strong></span> <span class='ocrx_word' id='word_1_157' title='bbox 1308 1225 1343 1274; x_wconf 86' lang='lat' dir='ltr'><strong>et</strong></span> <span class='ocrx_word' id='word_1_158' title='bbox 1361 1212 1485 1294; x_wconf 83' lang='lat' dir='ltr'><strong>templs</strong></span> <span class='ocrx_word' id='word_1_159' title='bbox 1498 1212 1602 1277; x_wconf 80' lang='lat' dir='ltr'><strong>fuisse</strong></span> <span class='ocrx_word' id='word_1_160' title='bbox 1625 1234 1703 1278; x_wconf 86' lang='lat' dir='ltr'><strong>con·</strong></span> 
     </span>
     <span class='ocr_line' id='line_1_32' title="bbox 954 1309 1703 1412; baseline 0.013 -40"><span class='ocrx_word' id='word_1_161' title='bbox 954 1309 1081 1387; x_wconf 73' lang='lat' dir='ltr'><strong>scitata,</strong></span> <span class='ocrx_word' id='word_1_162' title='bbox 1110 1311 1435 1412; x_wconf 44' lang='lat' dir='ltr'><strong>censuit‚·⁴.scnstam</strong></span> <span class='ocrx_word' id='word_1_163' title='bbox 1454 1317 1506 1382; x_wconf 76' lang='lat' dir='ltr'><strong>R.</strong></span> <span class='ocrx_word' id='word_1_164' title='bbox 1528 1315 1592 1379; x_wconf 87' lang='lat' dir='ltr'><strong>hec</strong></span> <span class='ocrx_word' id='word_1_165' title='bbox 1622 1330 1703 1401; x_wconf 85' lang='lat' dir='ltr'><strong>typo</strong></span> 
     </span>
     <span class='ocr_line' id='line_1_33' title="bbox 955 1411 1763 1499; baseline 0.01 -25"><span class='ocrx_word' id='word_1_166' title='bbox 955 1411 1167 1476; x_wconf 85' lang='lat' dir='ltr'><strong>servientium</strong></span> <span class='ocrx_word' id='word_1_167' title='bbox 1209 1414 1406 1495; x_wconf 87' lang='lat' dir='ltr'><strong>populorum</strong></span> <span class='ocrx_word' id='word_1_168' title='bbox 1441 1414 1490 1475; x_wconf 88' lang='lat' dir='ltr'><strong>in·</strong></span> <span class='ocrx_word' id='word_1_169' title='bbox 1518 1417 1704 1499; x_wconf 74' lang='lat' dir='ltr'><strong>principem</strong></span> <span class='ocrx_word' id='word_1_170' title='bbox 1760 1456 1763 1468; x_wconf 90' lang='lat'>·</span> 
     </span>
     <span class='ocr_line' id='line_1_34' title="bbox 954 1512 1717 1598; baseline 0.008 -22"><span class='ocrx_word' id='word_1_171' title='bbox 954 1512 1097 1576; x_wconf 84' lang='lat' dir='ltr'><strong>studium</strong></span> <span class='ocrx_word' id='word_1_172' title='bbox 1113 1513 1260 1580; x_wconf 75' lang='lat' dir='ltr'><strong>votuisse</strong></span> <span class='ocrx_word' id='word_1_173' title='bbox 1275 1515 1405 1594; x_wconf 77' lang='lat' dir='ltr'><strong>testari,</strong></span> <span class='ocrx_word' id='word_1_174' title='bbox 1417 1536 1495 1579; x_wconf 68' lang='lat' dir='ltr'><strong>‘non</strong></span> <span class='ocrx_word' id='word_1_175' title='bbox 1510 1530 1637 1598; x_wconf 81' lang='lat' dir='ltr'><strong>tamen</strong></span> <span class='ocrx_word' id='word_1_176' title='bbox 1654 1523 1717 1582; x_wconf 60' lang='lat' dir='ltr'><strong>inc</strong></span> 
     </span>
     <span class='ocr_line' id='line_1_35' title="bbox 956 1614 1704 1705; baseline 0.012 -27"><span class='ocrx_word' id='word_1_177' title='bbox 956 1614 1059 1705; x_wconf 77' lang='lat' dir='ltr'><strong>dicari</strong></span> <span class='ocrx_word' id='word_1_178' title='bbox 1084 1615 1208 1679; x_wconf 81' lang='lat' dir='ltr'><strong>cattam</strong></span> <span class='ocrx_word' id='word_1_179' title='bbox 1229 1615 1377 1683; x_wconf 76' lang='lat' dir='ltr'><strong>divinum</strong></span> <span class='ocrx_word' id='word_1_180' title='bbox 1397 1617 1540 1702; x_wconf 79' lang='lat' dir='ltr'><strong>principi</strong></span> <span class='ocrx_word' id='word_1_181' title='bbox 1552 1619 1596 1682; x_wconf 82' lang='lat' dir='ltr'><strong>in</strong></span> <span class='ocrx_word' id='word_1_182' title='bbox 1618 1621 1704 1686; x_wconf 79' lang='lat' dir='ltr'><strong>urbe</strong></span> 
     </span>
     <span class='ocr_line' id='line_1_36' title="bbox 956 1718 1655 1799; baseline 0.001 -20"><span class='ocrx_word' id='word_1_183' title='bbox 956 1718 1138 1784; x_wconf 84' lang='lat' dir='ltr'><strong>decretum.</strong></span> <span class='ocrx_word' id='word_1_184' title='bbox 1308 1796 1310 1799; x_wconf 16' lang='grc' dir='ltr'>Ι</span> <span class='ocrx_word' id='word_1_185' title='bbox 1648 1723 1655 1736; x_wconf 86' lang='grc'><strong><em>’</em></strong></span> 
     </span>
    </p>

    <p class='ocr_par' dir='ltr' id='par_1_14' title="bbox 956 1818 1791 3015">
     <span class='ocr_line' id='line_1_37' title="bbox 975 1818 1705 1900; baseline 0.005 -20"><span class='ocrx_word' id='word_1_186' title='bbox 975 1871 979 1880; x_wconf 94' lang='grc'><em>.</em></span> <span class='ocrx_word' id='word_1_187' title='bbox 1019 1821 1063 1882; x_wconf 86' lang='lat' dir='ltr'><strong>At</strong></span> <span class='ocrx_word' id='word_1_188' title='bbox 1083 1838 1165 1885; x_wconf 79' lang='lat' dir='ltr'><strong>vero</strong></span> <span class='ocrx_word' id='word_1_189' title='bbox 1185 1819 1215 1882; x_wconf 86' lang='lat' dir='ltr'><strong>si</strong></span> <span class='ocrx_word' id='word_1_190' title='bbox 1236 1818 1335 1884; x_wconf 83' lang='lat' dir='ltr'><strong>modo</strong></span> <span class='ocrx_word' id='word_1_191' title='bbox 1367 1834 1559 1900; x_wconf 72' lang='lat' dir='ltr'><strong>statuemus,</strong></span> <span class='ocrx_word' id='word_1_192' title='bbox 1590 1841 1705 1886; x_wconf 84' lang='lat' dir='ltr'><strong>omncs</strong></span> 
     </span>
     <span class='ocr_line' id='line_1_38' title="bbox 956 1922 1705 2004; baseline 0.003 -20"><span class='ocrx_word' id='word_1_193' title='bbox 956 1923 1019 1994; x_wconf 78' lang='lat' dir='ltr'><strong>hos</strong></span> <span class='ocrx_word' id='word_1_194' title='bbox 1051 1941 1168 1990; x_wconf 84' lang='lat' dir='ltr'><strong>nomos</strong></span> <span class='ocrx_word' id='word_1_195' title='bbox 1203 1934 1297 1985; x_wconf 85' lang='lat' dir='ltr'><strong>extra</strong></span> <span class='ocrx_word' id='word_1_196' title='bbox 1324 1922 1443 1986; x_wconf 85' lang='lat' dir='ltr'><strong>urbem</strong></span> <span class='ocrx_word' id='word_1_197' title='bbox 1470 1924 1506 1986; x_wconf 86' lang='lat' dir='ltr'><strong>io</strong></span> <span class='ocrx_word' id='word_1_198' title='bbox 1536 1923 1705 2004; x_wconf 81' lang='lat' dir='ltr'><strong>provincis</strong></span> 
     </span>
     <span class='ocr_line' id='line_1_39' title="bbox 957 2022 1704 2110; baseline -0.001 -24"><span class='ocrx_word' id='word_1_199' title='bbox 957 2025 1107 2110; x_wconf 75' lang='lat' dir='ltr'><strong>quapiam</strong></span> <span class='ocrx_word' id='word_1_200' title='bbox 1123 2022 1224 2085; x_wconf 81' lang='lat' dir='ltr'><strong>fuisse</strong></span> <span class='ocrx_word' id='word_1_201' title='bbox 1238 2043 1354 2100; x_wconf 87' lang='lat' dir='ltr'><strong>cusos,</strong></span> <span class='ocrx_word' id='word_1_202' title='bbox 1376 2029 1515 2088; x_wconf 82' lang='lat' dir='ltr'><strong>necesse</strong></span> <span class='ocrx_word' id='word_1_203' title='bbox 1540 2045 1606 2087; x_wconf 91' lang='lat' dir='ltr'><strong>non</strong></span> <span class='ocrx_word' id='word_1_204' title='bbox 1629 2025 1704 2101; x_wconf 81' lang='lat' dir='ltr'><strong>erit,</strong></span> 
     </span>
     <span class='ocr_line' id='line_1_40' title="bbox 958 2123 1706 2209; baseline -0.003 -21"><span class='ocrx_word' id='word_1_205' title='bbox 958 2138 1012 2188; x_wconf 83' lang='lat' dir='ltr'><strong>aut</strong></span> <span class='ocrx_word' id='word_1_206' title='bbox 1024 2146 1098 2188; x_wconf 89' lang='lat' dir='ltr'><strong>com</strong></span> <span class='ocrx_word' id='word_1_207' title='bbox 1105 2123 1297 2208; x_wconf 70' lang='lat' dir='ltr'><strong>Schlegclio</strong></span> <span class='ocrx_word' id='word_1_208' title='bbox 1311 2140 1424 2189; x_wconf 80' lang='lat' dir='ltr'><strong>contre</strong></span> <span class='ocrx_word' id='word_1_209' title='bbox 1438 2125 1706 2209; x_wconf 85' lang='lat' dir='ltr'><strong>dignissimorum</strong></span> 
     </span>
     <span class='ocr_line' id='line_1_41' title="bbox 958 2225 1745 2290; baseline 0.001 -4"><span class='ocrx_word' id='word_1_210' title='bbox 958 2225 1023 2288; x_wconf 86' lang='lat' dir='ltr'><strong>tide</strong></span> <span class='ocrx_word' id='word_1_211' title='bbox 1055 2225 1287 2290; x_wconf 86' lang='lat' dir='ltr'><strong>historicorum</strong></span> <span class='ocrx_word' id='word_1_212' title='bbox 1322 2226 1547 2290; x_wconf 80' lang='lat' dir='ltr'><strong>auctoritatem</strong></span> <span class='ocrx_word' id='word_1_213' title='bbox 1576 2240 1705 2290; x_wconf 86' lang='lat' dir='ltr'><strong>temere</strong></span> <span class='ocrx_word' id='word_1_214' title='bbox 1742 2280 1745 2287; x_wconf 87' lang='lat'><strong>.</strong></span> 
     </span>
     <span class='ocr_line' id='line_1_42' title="bbox 959 2326 1705 2412; baseline 0.003 -22"><span class='ocrx_word' id='word_1_215' title='bbox 959 2326 1133 2404; x_wconf 77' lang='lat' dir='ltr'><strong>adserere,</strong></span> <span class='ocrx_word' id='word_1_216' title='bbox 1161 2329 1343 2412; x_wconf 88' lang='lat' dir='ltr'><strong>Augustum</strong></span> <span class='ocrx_word' id='word_1_217' title='bbox 1365 2329 1429 2410; x_wconf 79' lang='lat' dir='ltr'><strong>jam</strong></span> <span class='ocrx_word' id='word_1_218' title='bbox 1453 2330 1562 2394; x_wconf 83' lang='lat' dir='ltr'><strong>vivum</strong></span> <span class='ocrx_word' id='word_1_219' title='bbox 1578 2331 1705 2392; x_wconf 84' lang='lat' dir='ltr'><strong>Romae</strong></span> 
     </span>
     <span class='ocr_line' id='line_1_43' title="bbox 960 2432 1707 2516; baseline 0.004 -25"><span class='ocrx_word' id='word_1_220' title='bbox 960 2443 1203 2505; x_wconf 75' lang='lat' dir='ltr'><strong>consecratum,</strong></span> <span class='ocrx_word' id='word_1_221' title='bbox 1232 2443 1289 2491; x_wconf 83' lang='lat' dir='ltr'><strong>sut</strong></span> <span class='ocrx_word' id='word_1_222' title='bbox 1314 2450 1389 2493; x_wconf 86' lang='lat' dir='ltr'><strong>cnm</strong></span> <span class='ocrx_word' id='word_1_223' title='bbox 1406 2432 1633 2516; x_wconf 84' lang='lat' dir='ltr'><strong>Havercampo</strong></span> <span class='ocrx_word' id='word_1_224' title='bbox 1658 2432 1707 2494; x_wconf 84' lang='lat' dir='ltr'><strong>di·</strong></span> 
     </span>
     <span class='ocr_line' id='line_1_44' title="bbox 961 2521 1791 2618; baseline 0.002 -24"><span class='ocrx_word' id='word_1_225' title='bbox 961 2544 1048 2594; x_wconf 80' lang='lat' dir='ltr'><strong>ctum</strong></span> <span class='ocrx_word' id='word_1_226' title='bbox 1072 2529 1231 2613; x_wconf 85' lang='lat' dir='ltr'><strong>effugium</strong></span> <span class='ocrx_word' id='word_1_227' title='bbox 1252 2531 1464 2596; x_wconf 71' lang='lat' dir='ltr'><strong>comminisci.</strong></span> <span class='ocrx_word' id='word_1_228' title='bbox 1504 2531 1707 2618; x_wconf 78' lang='lat' dir='ltr'><strong>Argumenta</strong></span> <span class='ocrx_word' id='word_1_229' title='bbox 1780 2521 1791 2528; x_wconf 61' lang='grc'><strong><em>’</em></strong></span> 
     </span>
     <span class='ocr_line' id='line_1_45' title="bbox 961 2633 1707 2716; baseline 0.004 -21"><span class='ocrx_word' id='word_1_230' title='bbox 961 2645 1069 2695; x_wconf 86' lang='lat' dir='ltr'><strong>autom</strong></span> <span class='ocrx_word' id='word_1_231' title='bbox 1095 2654 1191 2697; x_wconf 83' lang='lat' dir='ltr'><strong>cusae</strong></span> <span class='ocrx_word' id='word_1_232' title='bbox 1213 2633 1297 2696; x_wconf 81' lang='lat' dir='ltr'><strong>foris</strong></span> <span class='ocrx_word' id='word_1_233' title='bbox 1318 2633 1414 2716; x_wconf 82' lang='lat' dir='ltr'><strong>hujus</strong></span> <span class='ocrx_word' id='word_1_234' title='bbox 1433 2649 1584 2698; x_wconf 80' lang='lat' dir='ltr'><strong>monetae</strong></span> <span class='ocrx_word' id='word_1_235' title='bbox 1599 2634 1707 2698; x_wconf 87' lang='lat' dir='ltr'><strong>habeo</strong></span> 
     </span>
     <span class='ocr_line' id='line_1_46' title="bbox 961 2721 1748 2819; baseline 0.001 -23"><span class='ocrx_word' id='word_1_236' title='bbox 961 2756 1028 2797; x_wconf 86' lang='lat' dir='ltr'><strong>non</strong></span> <span class='ocrx_word' id='word_1_237' title='bbox 1045 2756 1170 2819; x_wconf 88' lang='lat' dir='ltr'><strong>pauca,</strong></span> <span class='ocrx_word' id='word_1_238' title='bbox 1192 2756 1295 2819; x_wconf 86' lang='lat' dir='ltr'><strong>eaque</strong></span> <span class='ocrx_word' id='word_1_239' title='bbox 1316 2735 1530 2813; x_wconf 79' lang='lat' dir='ltr'><strong>validissime,</strong></span> <span class='ocrx_word' id='word_1_240' title='bbox 1554 2738 1579 2799; x_wconf 91' lang='lat'><strong>1.</strong></span> <span class='ocrx_word' id='word_1_241' title='bbox 1595 2735 1707 2819; x_wconf 84' lang='lat' dir='ltr'><strong>Augu·</strong></span> <span class='ocrx_word' id='word_1_242' title='bbox 1743 2721 1748 2728; x_wconf 11' lang='grc' dir='ltr'><strong><em>κ</em></strong></span> 
     </span>
     <span class='ocr_line' id='line_1_47' title="bbox 962 2837 1707 2920; baseline 0.001 -21"><span class='ocrx_word' id='word_1_243' title='bbox 962 2850 1030 2899; x_wconf 80' lang='lat' dir='ltr'><strong>stus</strong></span> <span class='ocrx_word' id='word_1_244' title='bbox 1053 2837 1197 2900; x_wconf 77' lang='lat' dir='ltr'><strong>divinum</strong></span> <span class='ocrx_word' id='word_1_245' title='bbox 1218 2839 1267 2899; x_wconf 93' lang='lat' dir='ltr'><strong>sui</strong></span> <span class='ocrx_word' id='word_1_246' title='bbox 1283 2839 1425 2913; x_wconf 76' lang='lat' dir='ltr'><strong>cultum,</strong></span> <span class='ocrx_word' id='word_1_247' title='bbox 1451 2856 1549 2920; x_wconf 86' lang='lat' dir='ltr'><strong>quem</strong></span> <span class='ocrx_word' id='word_1_248' title='bbox 1569 2837 1604 2897; x_wconf 90' lang='lat' dir='ltr'><strong>in</strong></span> <span class='ocrx_word' id='word_1_249' title='bbox 1623 2838 1707 2900; x_wconf 85' lang='lat' dir='ltr'><strong>urbe</strong></span> 
     </span>
     <span class='ocr_line' id='line_1_48' title="bbox 961 2937 1708 3015; baseline -0.003 -14"><span class='ocrx_word' id='word_1_250' title='bbox 961 2937 1035 3001; x_wconf 83' lang='lat' dir='ltr'><strong>iieri</strong></span> <span class='ocrx_word' id='word_1_251' title='bbox 1053 2939 1173 3015; x_wconf 78' lang='lat' dir='ltr'><strong>vetuit,</strong></span> <span class='ocrx_word' id='word_1_252' title='bbox 1200 2952 1291 3000; x_wconf 88' lang='lat' dir='ltr'><strong>extra</strong></span> <span class='ocrx_word' id='word_1_253' title='bbox 1312 2958 1384 3001; x_wconf 83' lang='lat' dir='ltr'><strong>eam</strong></span> <span class='ocrx_word' id='word_1_254' title='bbox 1405 2938 1588 3001; x_wconf 80' lang='lat' dir='ltr'><strong>liberaliter</strong></span> <span class='ocrx_word' id='word_1_255' title='bbox 1607 2938 1708 3001; x_wconf 85' lang='lat' dir='ltr'><strong>admi·</strong></span> 
     </span>
    </p>
   </div>
   <div class='ocr_carea' id='block_1_13' title="bbox 153 3034 1714 3647">
    <p class='ocr_par' dir='ltr' id='par_1_15' title="bbox 153 3034 1708 3429">
     <span class='ocr_line' id='line_1_49' title="bbox 155 3034 905 3141; baseline -0.028 -26"><span class='ocrx_word' id='word_1_256' title='bbox 155 3074 223 3141; x_wconf 79' lang='lat' dir='ltr'><strong>que</strong></span> <span class='ocrx_word' id='word_1_257' title='bbox 259 3049 474 3113; x_wconf 80' lang='lat' dir='ltr'><strong>indubitatum</strong></span> <span class='ocrx_word' id='word_1_258' title='bbox 504 3054 574 3119; x_wconf 87' lang='lat' dir='ltr'><strong>est,</strong></span> <span class='ocrx_word' id='word_1_259' title='bbox 613 3058 728 3105; x_wconf 85' lang='lat' dir='ltr'><strong>omnes</strong></span> <span class='ocrx_word' id='word_1_260' title='bbox 758 3034 819 3098; x_wconf 89' lang='lat' dir='ltr'><strong>hos</strong></span> <span class='ocrx_word' id='word_1_261' title='bbox 846 3055 905 3095; x_wconf 86' lang='lat' dir='ltr'><strong>nn·</strong></span> 
     </span>
     <span class='ocr_line' id='line_1_50' title="bbox 155 3134 1708 3237; baseline -0.012 -18"><span class='ocrx_word' id='word_1_262' title='bbox 155 3178 229 3219; x_wconf 84' lang='lat' dir='ltr'><strong>mos</strong></span> <span class='ocrx_word' id='word_1_263' title='bbox 255 3154 399 3237; x_wconf 67' lang='lat' dir='ltr'><strong>signatos</strong></span> <span class='ocrx_word' id='word_1_264' title='bbox 430 3151 573 3221; x_wconf 82' lang='lat' dir='ltr'><strong>Romae,</strong></span> <span class='ocrx_word' id='word_1_265' title='bbox 604 3139 843 3220; x_wconf 83' lang='lat' dir='ltr'><strong>at.discrepant</strong></span> <span class='ocrx_word' id='word_1_266' title='bbox 869 3134 904 3195; x_wconf 89' lang='lat' dir='ltr'><strong>in</strong></span> <span class='ocrx_word' id='word_1_267' title='bbox 960 3142 1052 3205; x_wconf 68' lang='lat' dir='ltr'><strong>fem</strong></span> <span class='ocrx_word' id='word_1_268' title='bbox 1074 3139 1209 3224; x_wconf 83' lang='lat' dir='ltr'><strong>longum</strong></span> <span class='ocrx_word' id='word_1_269' title='bbox 1230 3140 1335 3227; x_wconf 72' lang='lat' dir='ltr'><strong>foret,</strong></span> <span class='ocrx_word' id='word_1_270' title='bbox 1362 3141 1535 3217; x_wconf 82' lang='lat' dir='ltr'><strong>nonnulla,</strong></span> <span class='ocrx_word' id='word_1_271' title='bbox 1568 3162 1650 3225; x_wconf 85' lang='lat' dir='ltr'><strong>quse</strong></span> <span class='ocrx_word' id='word_1_272' title='bbox 1671 3141 1708 3203; x_wconf 87' lang='lat' dir='ltr'><strong>in</strong></span> 
     </span>
     <span class='ocr_line' id='line_1_51' title="bbox 155 3239 1707 3342; baseline -0.021 -21"><span class='ocrx_word' id='word_1_273' title='bbox 155 3253 356 3342; x_wconf 83' lang='lat' dir='ltr'><strong>designanda</strong></span> <span class='ocrx_word' id='word_1_274' title='bbox 396 3270 511 3315; x_wconf 89' lang='lat' dir='ltr'><strong>eorum</strong></span> <span class='ocrx_word' id='word_1_275' title='bbox 537 3242 673 3331; x_wconf 79' lang='lat' dir='ltr'><strong>&#39;publice</strong></span> <span class='ocrx_word' id='word_1_276' title='bbox 704 3239 904 3324; x_wconf 84' lang='lat' dir='ltr'><strong>signatorum</strong></span> <span class='ocrx_word' id='word_1_277' title='bbox 960 3243 1247 3328; x_wconf 65' lang='lat' dir='ltr'><strong>promptuham,</strong></span> <span class='ocrx_word' id='word_1_278' title='bbox 1264 3240 1443 3326; x_wconf 67' lang='lat' dir='ltr'><strong>proferam,</strong></span> <span class='ocrx_word' id='word_1_279' title='bbox 1464 3242 1640 3306; x_wconf 81' lang='lat' dir='ltr'><strong>Suetonius</strong></span> <span class='ocrx_word' id='word_1_280' title='bbox 1656 3242 1707 3325; x_wconf 62' lang='lat' dir='ltr'><strong>o)3</strong></span> 
     </span>
     <span class='ocr_line' id='line_1_52' title="bbox 153 3344 1706 3429; baseline -0.003 -17"><span class='ocrx_word' id='word_1_281' title='bbox 153 3382 262 3425; x_wconf 60' lang='lat' dir='ltr'><strong>mm,</strong></span> <span class='ocrx_word' id='word_1_282' title='bbox 963 3350 1214 3419; x_wconf 78' lang='lat' dir='ltr'><strong>Provincicrum</strong></span> <span class='ocrx_word' id='word_1_283' title='bbox 1241 3344 1419 3425; x_wconf 73' lang='lat' dir='ltr'><strong>pleraeque</strong></span> <span class='ocrx_word' id='word_1_284' title='bbox 1441 3365 1542 3424; x_wconf 85' lang='lat' dir='ltr'><strong>super.</strong></span> <span class='ocrx_word' id='word_1_285' title='bbox 1568 3348 1706 3429; x_wconf 79' lang='lat' dir='ltr'><strong>templo,</strong></span> 
     </span>
    </p>

    <p class='ocr_par' dir='ltr' id='par_1_16' title="bbox 153 3446 1714 3647">
     <span class='ocr_line' id='line_1_53' title="bbox 217 3446 1711 3543; baseline -0.01 -19"><span class='ocrx_word' id='word_1_286' title='bbox 217 3457 433 3543; x_wconf 65' lang='lat' dir='ltr'><strong>&amp;megalius</strong></span> <span class='ocrx_word' id='word_1_287' title='bbox 450 3466 582 3533; x_wconf 86' lang='lat' dir='ltr'><strong>censet,</strong></span> <span class='ocrx_word' id='word_1_288' title='bbox 605 3472 648 3515; x_wconf 86' lang='lat' dir='ltr'><strong>ex</strong></span> <span class='ocrx_word' id='word_1_289' title='bbox 664 3446 716 3516; x_wconf 79' lang='lat' dir='ltr'><strong>his</strong></span> <span class='ocrx_word' id='word_1_290' title='bbox 733 3450 903 3521; x_wconf 58' lang='lat' dir='ltr'><strong>numisma·</strong></span> <span class='ocrx_word' id='word_1_291' title='bbox 961 3460 995 3511; x_wconf 86' lang='lat' dir='ltr'><strong>et</strong></span> <span class='ocrx_word' id='word_1_292' title='bbox 1035 3467 1113 3509; x_wconf 83' lang='lat' dir='ltr'><strong>eros</strong></span> <span class='ocrx_word' id='word_1_293' title='bbox 1147 3448 1244 3509; x_wconf 79' lang='lat' dir='ltr'><strong>ludos</strong></span> <span class='ocrx_word' id='word_1_294' title='bbox 1285 3463 1413 3525; x_wconf 80' lang='lat' dir='ltr'><strong>quoque</strong></span> <span class='ocrx_word' id='word_1_295' title='bbox 1448 3447 1711 3537; x_wconf 67' lang='lat' dir='ltr'><strong>qninquennales</strong></span> 
     </span>
     <span class='ocr_line' id='line_1_54' title="bbox 153 3546 1714 3647; baseline -0.011 -20"><span class='ocrx_word' id='word_1_296' title='bbox 153 3566 196 3627; x_wconf 80' lang='lat' dir='ltr'><strong>sis</strong></span> <span class='ocrx_word' id='word_1_297' title='bbox 219 3560 374 3647; x_wconf 81' lang='lat' dir='ltr'><strong>probari,</strong></span> <span class='ocrx_word' id='word_1_298' title='bbox 399 3558 476 3625; x_wconf 81' lang='lat' dir='ltr'><strong>rivo</strong></span> <span class='ocrx_word' id='word_1_299' title='bbox 496 3556 594 3619; x_wconf 85' lang='lat' dir='ltr'><strong>etism</strong></span> <span class='ocrx_word' id='word_1_300' title='bbox 620 3557 770 3641; x_wconf 88' lang='lat' dir='ltr'><strong>Augusto</strong></span> <span class='ocrx_word' id='word_1_301' title='bbox 797 3553 831 3613; x_wconf 90' lang='lat' dir='ltr'><strong>in</strong></span> <span class='ocrx_word' id='word_1_302' title='bbox 850 3574 902 3614; x_wconf 88' lang='lat' dir='ltr'><strong>us·-</strong></span> <span class='ocrx_word' id='word_1_303' title='bbox 958 3570 1063 3633; x_wconf 84' lang='lat' dir='ltr'><strong>paene</strong></span> <span class='ocrx_word' id='word_1_304' title='bbox 1096 3549 1279 3629; x_wconf 79' lang='lat' dir='ltr'><strong>oppidatim</strong></span> <span class='ocrx_word' id='word_1_305' title='bbox 1312 3548 1567 3608; x_wconf 78' lang='lat' dir='ltr'><strong>constituerunt.</strong></span> <span class='ocrx_word' id='word_1_306' title='bbox 1610 3546 1714 3611; x_wconf 76' lang='lat' dir='ltr'><strong>Adde</strong></span> 
     </span>
    </p>
   </div>
   <div class='ocr_carea' id='block_1_14' title="bbox 962 3039 1706 3123">
    <p class='ocr_par' dir='ltr' id='par_1_17' title="bbox 962 3039 1706 3123">
     <span class='ocr_line' id='line_1_55' title="bbox 962 3039 1706 3123; baseline 0.001 -22"><span class='ocrx_word' id='word_1_307' title='bbox 962 3040 1014 3105; x_wconf 88' lang='lat' dir='ltr'><strong>sit.</strong></span> <span class='ocrx_word' id='word_1_308' title='bbox 1036 3041 1089 3099; x_wconf 85' lang='lat' dir='ltr'><strong>Ex</strong></span> <span class='ocrx_word' id='word_1_309' title='bbox 1103 3039 1283 3103; x_wconf 84' lang='lat' dir='ltr'><strong>innumeris</strong></span> <span class='ocrx_word' id='word_1_310' title='bbox 1302 3039 1512 3116; x_wconf 80' lang='lat' dir='ltr'><strong>testimoniis,</strong></span> <span class='ocrx_word' id='word_1_311' title='bbox 1527 3060 1610 3123; x_wconf 88' lang='lat' dir='ltr'><strong>quae</strong></span> <span class='ocrx_word' id='word_1_312' title='bbox 1622 3045 1706 3122; x_wconf 82' lang='lat' dir='ltr'><strong>‘prc-</strong></span> 
     </span>
    </p>
   </div>
   <div class='ocr_carea' id='block_1_15' title="bbox 153 3645 1843 3740">
    <p class='ocr_par' dir='ltr' id='par_1_18' title="bbox 153 3645 1843 3740">
     <span class='ocr_line' id='line_1_56' title="bbox 153 3645 1843 3740; baseline -0.014 -10"><span class='ocrx_word' id='word_1_313' title='bbox 153 3668 197 3729; x_wconf 86' lang='lat' dir='ltr'><strong>be</strong></span> <span class='ocrx_word' id='word_1_314' title='bbox 226 3662 414 3729; x_wconf 75' lang='lat' dir='ltr'><strong>dedicatam</strong></span> <span class='ocrx_word' id='word_1_315' title='bbox 451 3679 557 3735; x_wconf 76' lang='lat' dir='ltr'><strong>mans,</strong></span> <span class='ocrx_word' id='word_1_316' title='bbox 596 3670 629 3721; x_wconf 89' lang='lat' dir='ltr'><strong>et</strong></span> <span class='ocrx_word' id='word_1_317' title='bbox 656 3656 834 3740; x_wconf 87' lang='lat' dir='ltr'><strong>templum,</strong></span> <span class='ocrx_word' id='word_1_318' title='bbox 870 3666 904 3717; x_wconf 86' lang='lat' dir='ltr'><strong>et</strong></span> <span class='ocrx_word' id='word_1_319' title='bbox 958 3649 1146 3715; x_wconf 72' lang='lat' dir='ltr'><strong>testimonia</strong></span> <span class='ocrx_word' id='word_1_320' title='bbox 1168 3646 1292 3721; x_wconf 83' lang='lat' dir='ltr'><strong>Taciti,</strong></span> <span class='ocrx_word' id='word_1_321' title='bbox 1322 3660 1357 3708; x_wconf 77' lang='lat' dir='ltr'><strong>ec</strong></span> <span class='ocrx_word' id='word_1_322' title='bbox 1377 3645 1517 3728; x_wconf 81' lang='lat' dir='ltr'><strong>Appiani</strong></span> <span class='ocrx_word' id='word_1_323' title='bbox 1546 3666 1644 3729; x_wconf 87' lang='lat' dir='ltr'><strong>supra</strong></span> <span class='ocrx_word' id='word_1_324' title='bbox 1665 3648 1707 3711; x_wconf 87' lang='lat' dir='ltr'><strong>ad</strong></span> <span class='ocrx_word' id='word_1_325' title='bbox 1839 3647 1843 3678; x_wconf 85' lang='lat'><strong>¹</strong></span> 
     </span>
    </p>
   </div>
   <div class='ocr_carea' id='block_1_16' title="bbox 154 3747 1710 4156">
    <p class='ocr_par' dir='ltr' id='par_1_19' title="bbox 154 3747 1710 4156">
     <span class='ocr_line' id='line_1_57' title="bbox 154 3747 1710 3838; baseline -0.013 -7"><span class='ocrx_word' id='word_1_326' title='bbox 154 3768 277 3831; x_wconf 82' lang='lat' dir='ltr'><strong>iactum</strong></span> <span class='ocrx_word' id='word_1_327' title='bbox 303 3762 394 3826; x_wconf 84' lang='lat' dir='ltr'><strong>istud</strong></span> <span class='ocrx_word' id='word_1_328' title='bbox 424 3762 511 3827; x_wconf 84' lang='lat' dir='ltr'><strong>circs</strong></span> <span class='ocrx_word' id='word_1_329' title='bbox 540 3780 659 3823; x_wconf 84' lang='lat' dir='ltr'><strong>annum</strong></span> <span class='ocrx_word' id='word_1_330' title='bbox 688 3762 730 3828; x_wconf 86' lang='lat' dir='ltr'><strong>V.</strong></span> <span class='ocrx_word' id='word_1_331' title='bbox 754 3759 791 3822; x_wconf 84' lang='lat' dir='ltr'><strong>C.</strong></span> <span class='ocrx_word' id='word_1_332' title='bbox 822 3770 904 3838; x_wconf 69' lang='lat'><strong>741,</strong></span> <span class='ocrx_word' id='word_1_333' title='bbox 962 3753 1056 3820; x_wconf 83' lang='lat' dir='ltr'>DIVI</span> <span class='ocrx_word' id='word_1_334' title='bbox 1077 3750 1218 3832; x_wconf 81' lang='lat' dir='ltr'><strong>Augusti</strong></span> <span class='ocrx_word' id='word_1_335' title='bbox 1244 3767 1373 3815; x_wconf 75' lang='lat' dir='ltr'><strong>numos,</strong></span> <span class='ocrx_word' id='word_1_336' title='bbox 1387 3747 1540 3822; x_wconf 81' lang='lat' dir='ltr'><strong>recitata,</strong></span> <span class='ocrx_word' id='word_1_337' title='bbox 1575 3767 1616 3810; x_wconf 87' lang='lat' dir='ltr'><strong>ex</strong></span> <span class='ocrx_word' id='word_1_338' title='bbox 1639 3748 1710 3833; x_wconf 87' lang='lat' dir='ltr'><strong>qni·</strong></span> 
     </span>
     <span class='ocr_line' id='line_1_58' title="bbox 155 3847 1709 3945; baseline -0.013 -12"><span class='ocrx_word' id='word_1_339' title='bbox 155 3890 230 3933; x_wconf 80' lang='lat' dir='ltr'><strong>cnm</strong></span> <span class='ocrx_word' id='word_1_340' title='bbox 273 3866 309 3928; x_wconf 90' lang='lat' dir='ltr'><strong>in</strong></span> <span class='ocrx_word' id='word_1_341' title='bbox 345 3884 447 3927; x_wconf 87' lang='lat' dir='ltr'><strong>nomo</strong></span> <span class='ocrx_word' id='word_1_342' title='bbox 482 3864 649 3945; x_wconf 83' lang='lat' dir='ltr'><strong>Augustus</strong></span> <span class='ocrx_word' id='word_1_343' title='bbox 679 3860 742 3941; x_wconf 78' lang='lat' dir='ltr'><strong>jam</strong></span> <span class='ocrx_word' id='word_1_344' title='bbox 772 3858 905 3921; x_wconf 85' lang='grc' dir='ltr'><strong>ΡΟΝΤ.</strong></span> <span class='ocrx_word' id='word_1_345' title='bbox 962 3854 1023 3916; x_wconf 89' lang='lat' dir='ltr'><strong>bus</strong></span> <span class='ocrx_word' id='word_1_346' title='bbox 1040 3852 1157 3936; x_wconf 87' lang='lat' dir='ltr'><strong>partim</strong></span> <span class='ocrx_word' id='word_1_347' title='bbox 1170 3862 1322 3935; x_wconf 75' lang='lat' dir='ltr'><strong>apparet,</strong></span> <span class='ocrx_word' id='word_1_348' title='bbox 1343 3848 1377 3923; x_wconf 85' lang='lat' dir='ltr'><strong>ei</strong></span> <span class='ocrx_word' id='word_1_349' title='bbox 1390 3848 1451 3911; x_wconf 90' lang='lat' dir='ltr'><strong>hos</strong></span> <span class='ocrx_word' id='word_1_350' title='bbox 1469 3847 1612 3913; x_wconf 83' lang='lat' dir='ltr'><strong>honores</strong></span> <span class='ocrx_word' id='word_1_351' title='bbox 1632 3871 1709 3933; x_wconf 89' lang='lat' dir='ltr'><strong>pro·</strong></span> 
     </span>
     <span class='ocr_line' id='line_1_59' title="bbox 155 3950 1710 4050; baseline -0.013 -17"><span class='ocrx_word' id='word_1_352' title='bbox 155 3970 265 4035; x_wconf 75' lang='lat' dir='ltr'><strong>mx.</strong></span> <span class='ocrx_word' id='word_1_353' title='bbox 288 3968 434 4045; x_wconf 81' lang='lat' dir='ltr'><strong>dicatur,</strong></span> <span class='ocrx_word' id='word_1_354' title='bbox 465 3965 543 4050; x_wconf 87' lang='lat' dir='ltr'><strong>quin</strong></span> <span class='ocrx_word' id='word_1_355' title='bbox 569 3984 611 4025; x_wconf 81' lang='lat' dir='ltr'><strong>ex</strong></span> <span class='ocrx_word' id='word_1_356' title='bbox 640 3964 719 4029; x_wconf 83' lang='lat' dir='ltr'><strong>Sex.</strong></span> <span class='ocrx_word' id='word_1_357' title='bbox 740 3960 829 4024; x_wconf 84' lang='lat' dir='ltr'><strong>Rufo</strong></span> <span class='ocrx_word' id='word_1_358' title='bbox 854 3980 907 4023; x_wconf 88' lang='lat' dir='ltr'><strong>re·</strong></span> <span class='ocrx_word' id='word_1_359' title='bbox 963 3956 1076 4038; x_wconf 86' lang='lat' dir='ltr'><strong>fligsto</strong></span> <span class='ocrx_word' id='word_1_360' title='bbox 1100 3954 1177 4018; x_wconf 85' lang='lat' dir='ltr'><strong>Sex.</strong></span> <span class='ocrx_word' id='word_1_361' title='bbox 1202 3950 1375 4033; x_wconf 75' lang='lat' dir='ltr'><strong>Pompeio,</strong></span> <span class='ocrx_word' id='word_1_362' title='bbox 1406 3963 1503 4034; x_wconf 82' lang='lat' dir='ltr'><strong>atque</strong></span> <span class='ocrx_word' id='word_1_363' title='bbox 1523 3952 1608 4015; x_wconf 78' lang='lat' dir='ltr'><strong>odeo</strong></span> <span class='ocrx_word' id='word_1_364' title='bbox 1632 3952 1710 4015; x_wconf 85' lang='lat' dir='ltr'><strong>satis</strong></span> 
     </span>
     <span class='ocr_line' id='line_1_60' title="bbox 156 4046 1709 4156; baseline -0.014 -20"><span class='ocrx_word' id='word_1_365' title='bbox 156 4074 292 4156; x_wconf 86' lang='lat' dir='ltr'><strong>giauem</strong></span> <span class='ocrx_word' id='word_1_366' title='bbox 317 4090 449 4156; x_wconf 85' lang='lat' dir='ltr'><strong>qnoque</strong></span> <span class='ocrx_word' id='word_1_367' title='bbox 469 4046 693 4143; x_wconf 61' lang='lat' dir='ltr'><strong>nomiost‚&#39;in</strong></span> <span class='ocrx_word' id='word_1_368' title='bbox 713 4086 776 4149; x_wconf 85' lang='lat' dir='ltr'><strong>qua</strong></span> <span class='ocrx_word' id='word_1_369' title='bbox 796 4081 906 4126; x_wconf 79' lang='lat' dir='ltr'><strong>sacrae</strong></span> <span class='ocrx_word' id='word_1_370' title='bbox 965 4071 1091 4119; x_wconf 86' lang='lat' dir='ltr'><strong>mature</strong></span> <span class='ocrx_word' id='word_1_371' title='bbox 1128 4055 1266 4118; x_wconf 78' lang='lat' dir='ltr'><strong>habitos.</strong></span> <span class='ocrx_word' id='word_1_372' title='bbox 1308 4054 1409 4115; x_wconf 88' lang='lat' dir='ltr'><strong>Aram</strong></span> <span class='ocrx_word' id='word_1_373' title='bbox 1436 4052 1586 4136; x_wconf 83' lang='lat' dir='ltr'><strong>Augusto</strong></span> <span class='ocrx_word' id='word_1_374' title='bbox 1623 4054 1709 4138; x_wconf 78' lang='lat' dir='ltr'><strong>spud</strong></span> 
     </span>
    </p>
   </div>
   <div class='ocr_carea' id='block_1_17' title="bbox 158 4152 1831 4665">
    <p class='ocr_par' dir='ltr' id='par_1_20' title="bbox 158 4152 1831 4665">
     <span class='ocr_line' id='line_1_61' title="bbox 158 4152 1709 4250; baseline -0.015 -9"><span class='ocrx_word' id='word_1_375' title='bbox 158 4178 237 4245; x_wconf 79' lang='lat' dir='ltr'><strong>ittae</strong></span> <span class='ocrx_word' id='word_1_376' title='bbox 259 4176 363 4241; x_wconf 82' lang='lat' dir='ltr'><strong>sedes</strong></span> <span class='ocrx_word' id='word_1_377' title='bbox 384 4184 518 4235; x_wconf 87' lang='lat' dir='ltr'><strong>stetere.</strong></span> <span class='ocrx_word' id='word_1_378' title='bbox 562 4167 715 4233; x_wconf 80' lang='lat' dir='ltr'><strong>Atesim</strong></span> <span class='ocrx_word' id='word_1_379' title='bbox 737 4168 908 4250; x_wconf 87' lang='lat' dir='ltr'><strong>Augusto,</strong></span> <span class='ocrx_word' id='word_1_380' title='bbox 966 4152 1188 4223; x_wconf 76' lang='lat' dir='ltr'><strong>Tniraccnem</strong></span> <span class='ocrx_word' id='word_1_381' title='bbox 1227 4168 1389 4232; x_wconf 81' lang='lat' dir='ltr'><strong>erectam,</strong></span> <span class='ocrx_word' id='word_1_382' title='bbox 1432 4154 1569 4243; x_wconf 85' lang='lat' dir='ltr'><strong>ejusque</strong></span> <span class='ocrx_word' id='word_1_383' title='bbox 1609 4176 1709 4239; x_wconf 87' lang='lat' dir='ltr'><strong>super</strong></span> 
     </span>
     <span class='ocr_line' id='line_1_62' title="bbox 159 4252 1831 4369; baseline -0.017 -25"><span class='ocrx_word' id='word_1_384' title='bbox 159 4280 315 4369; x_wconf 76' lang='lat' dir='ltr'><strong>quamdin</strong></span> <span class='ocrx_word' id='word_1_385' title='bbox 338 4279 373 4338; x_wconf 90' lang='lat' dir='ltr'><strong>in</strong></span> <span class='ocrx_word' id='word_1_386' title='bbox 400 4274 483 4339; x_wconf 79' lang='lat' dir='ltr'><strong>rivis</strong></span> <span class='ocrx_word' id='word_1_387' title='bbox 517 4252 603 4349; x_wconf 77' lang='lat' dir='ltr'><strong>eret,</strong></span> <span class='ocrx_word' id='word_1_388' title='bbox 633 4271 742 4334; x_wconf 88' lang='lat' dir='ltr'><strong>nullos</strong></span> <span class='ocrx_word' id='word_1_389' title='bbox 764 4268 908 4331; x_wconf 88' lang='lat' dir='ltr'><strong>honores</strong></span> <span class='ocrx_word' id='word_1_390' title='bbox 966 4282 1005 4325; x_wconf 87' lang='lat' dir='ltr'><strong>ea</strong></span> <span class='ocrx_word' id='word_1_391' title='bbox 1026 4261 1145 4325; x_wconf 78' lang='lat' dir='ltr'><strong>salsam</strong></span> <span class='ocrx_word' id='word_1_392' title='bbox 1169 4258 1289 4322; x_wconf 82' lang='lat' dir='ltr'><strong>dictum</strong></span> <span class='ocrx_word' id='word_1_393' title='bbox 1309 4257 1375 4341; x_wconf 82' lang='lat' dir='ltr'><strong>jam</strong></span> <span class='ocrx_word' id='word_1_394' title='bbox 1403 4259 1653 4321; x_wconf 69' lang='lat' dir='ltr'><strong>memoravimus</strong></span> <span class='ocrx_word' id='word_1_395' title='bbox 1675 4258 1709 4318; x_wconf 89' lang='lat' dir='ltr'><strong>in</strong></span> <span class='ocrx_word' id='word_1_396' title='bbox 1829 4323 1831 4327; x_wconf 53' lang='grc'>,</span> 
     </span>
     <span class='ocr_line' id='line_1_63' title="bbox 160 4357 1711 4456; baseline -0.019 -9"><span class='ocrx_word' id='word_1_397' title='bbox 160 4385 291 4449; x_wconf 72' lang='lat' dir='ltr'><strong>diuinos</strong></span> <span class='ocrx_word' id='word_1_398' title='bbox 321 4378 451 4443; x_wconf 80' lang='lat' dir='ltr'><strong>habitos</strong></span> <span class='ocrx_word' id='word_1_399' title='bbox 479 4376 515 4436; x_wconf 88' lang='lat' dir='ltr'><strong>in</strong></span> <span class='ocrx_word' id='word_1_400' title='bbox 535 4372 635 4452; x_wconf 86' lang='lat' dir='ltr'><strong>urbe,</strong></span> <span class='ocrx_word' id='word_1_401' title='bbox 665 4370 781 4456; x_wconf 88' lang='lat' dir='ltr'><strong>procul</strong></span> <span class='ocrx_word' id='word_1_402' title='bbox 810 4367 910 4433; x_wconf 83' lang='lat' dir='ltr'><strong>dubio</strong></span> <span class='ocrx_word' id='word_1_403' title='bbox 964 4379 1096 4428; x_wconf 84' lang='lat' dir='ltr'><strong>moneta</strong></span> <span class='ocrx_word' id='word_1_404' title='bbox 1111 4362 1206 4445; x_wconf 79' lang='lat' dir='ltr'><strong>hujus</strong></span> <span class='ocrx_word' id='word_1_405' title='bbox 1221 4357 1321 4424; x_wconf 81' lang='lat' dir='ltr'><strong>urbis.</strong></span> <span class='ocrx_word' id='word_1_406' title='bbox 1339 4358 1564 4442; x_wconf 80' lang='lat' dir='ltr'><strong>DeLugdans</strong></span> <span class='ocrx_word' id='word_1_407' title='bbox 1579 4357 1711 4425; x_wconf 76' lang='lat' dir='ltr'><strong>andien-</strong></span> 
     </span>
     <span class='ocr_line' id='line_1_64' title="bbox 159 4462 1712 4563; baseline -0.018 -12"><span class='ocrx_word' id='word_1_408' title='bbox 159 4501 231 4562; x_wconf 82' lang='lat' dir='ltr'><strong>est‚</strong></span> <span class='ocrx_word' id='word_1_409' title='bbox 267 4483 362 4563; x_wconf 79' lang='lat' dir='ltr'><strong>cujus</strong></span> <span class='ocrx_word' id='word_1_410' title='bbox 396 4490 603 4561; x_wconf 79' lang='lat' dir='ltr'><strong>arguments,</strong></span> <span class='ocrx_word' id='word_1_411' title='bbox 642 4475 706 4559; x_wconf 84' lang='lat' dir='ltr'><strong>jam</strong></span> <span class='ocrx_word' id='word_1_412' title='bbox 737 4494 835 4555; x_wconf 81' lang='lat' dir='ltr'><strong>supro</strong></span> <span class='ocrx_word' id='word_1_413' title='bbox 870 4468 911 4533; x_wconf 83' lang='lat' dir='ltr'><strong>ad</strong></span> <span class='ocrx_word' id='word_1_414' title='bbox 965 4466 1025 4530; x_wconf 82' lang='lat' dir='ltr'><strong>dus</strong></span> <span class='ocrx_word' id='word_1_415' title='bbox 1047 4463 1166 4529; x_wconf 80' lang='lat' dir='ltr'><strong>Strabo</strong></span> <span class='ocrx_word' id='word_1_416' title='bbox 1188 4466 1229 4541; x_wconf 74' lang='grc' dir='ltr'><strong>ο).</strong></span> <span class='ocrx_word' id='word_1_417' title='bbox 1280 4463 1446 4541; x_wconf 82' lang='lat' dir='ltr'><strong>Templum</strong></span> <span class='ocrx_word' id='word_1_418' title='bbox 1481 4462 1523 4522; x_wconf 82' lang='lat' dir='ltr'><strong>ab</strong></span> <span class='ocrx_word' id='word_1_419' title='bbox 1558 4462 1712 4523; x_wconf 82' lang='lat' dir='ltr'><strong>omnibus</strong></span> 
     </span>
     <span class='ocr_line' id='line_1_65' title="bbox 158 4560 1714 4665; baseline -0.017 -13"><span class='ocrx_word' id='word_1_420' title='bbox 158 4607 278 4652; x_wconf 83' lang='lat' dir='ltr'><strong>numos</strong></span> <span class='ocrx_word' id='word_1_421' title='bbox 296 4582 395 4651; x_wconf 82' lang='lat' dir='ltr'><strong>nlvs</strong></span> <span class='ocrx_word' id='word_1_422' title='bbox 409 4580 550 4665; x_wconf 79' lang='lat' dir='ltr'><strong>Augusti</strong></span> <span class='ocrx_word' id='word_1_423' title='bbox 571 4576 758 4663; x_wconf 81' lang='lat' dir='ltr'><strong>proposita,</strong></span> <span class='ocrx_word' id='word_1_424' title='bbox 783 4574 836 4637; x_wconf 90' lang='lat' dir='ltr'><strong>hic</strong></span> <span class='ocrx_word' id='word_1_425' title='bbox 860 4592 912 4634; x_wconf 90' lang='lat' dir='ltr'><strong>re·</strong></span> <span class='ocrx_word' id='word_1_426' title='bbox 965 4570 1132 4632; x_wconf 80' lang='lat' dir='ltr'><strong>communi</strong></span> <span class='ocrx_word' id='word_1_427' title='bbox 1159 4567 1291 4627; x_wconf 79' lang='lat' dir='ltr'><strong>nomine</strong></span> <span class='ocrx_word' id='word_1_428' title='bbox 1312 4560 1425 4623; x_wconf 83' lang='lat' dir='ltr'><strong>Gallis</strong></span> <span class='ocrx_word' id='word_1_429' title='bbox 1441 4563 1714 4635; x_wconf 66' lang='lat' dir='ltr'><strong>decretumssne·</strong></span> 
     </span>
    </p>
   </div>
   <div class='ocr_carea' id='block_1_18' title="bbox 155 4702 1706 4869">
    <p class='ocr_par' dir='ltr' id='par_1_21' title="bbox 155 4702 1706 4869">
     <span class='ocr_line' id='line_1_66' title="bbox 155 4702 1706 4745; baseline -0.019 1"><span class='ocrx_word' id='word_1_430' title='bbox 155 4702 1706 4745; x_wconf 76' lang='grc'><em>-,,,,-.....-......-..-.-.-----------</em></span> 
     </span>
     <span class='ocr_line' id='line_1_67' title="bbox 195 4767 1533 4869; baseline -0.019 -18"><span class='ocrx_word' id='word_1_431' title='bbox 195 4800 225 4869; x_wconf 73' lang='lat' dir='ltr'><strong>s]</strong></span> <span class='ocrx_word' id='word_1_432' title='bbox 246 4793 297 4851; x_wconf 83' lang='lat' dir='ltr'><strong>Ad</strong></span> <span class='ocrx_word' id='word_1_433' title='bbox 311 4788 440 4850; x_wconf 67' lang='lat' dir='ltr'><strong>Morellii</strong></span> <span class='ocrx_word' id='word_1_434' title='bbox 457 4790 553 4865; x_wconf 80' lang='lat' dir='ltr'><strong>impp.</strong></span> <span class='ocrx_word' id='word_1_435' title='bbox 569 4787 636 4846; x_wconf 86' lang='lat' dir='ltr'><strong>T.I.</strong></span> <span class='ocrx_word' id='word_1_436' title='bbox 652 4806 683 4863; x_wconf 88' lang='lat' dir='ltr'><strong>p.</strong></span> <span class='ocrx_word' id='word_1_437' title='bbox 693 4794 745 4851; x_wconf 78' lang='lat'><strong>555</strong></span> <span class='ocrx_word' id='word_1_438' title='bbox 761 4793 791 4839; x_wconf 83' lang='lat' dir='ltr'><strong>et</strong></span> <span class='ocrx_word' id='word_1_439' title='bbox 804 4791 866 4847; x_wconf 68' lang='lat' dir='ltr'><strong>stt.</strong></span> <span class='ocrx_word' id='word_1_440' title='bbox 940 4778 977 4850; x_wconf 82' lang='lat' dir='ltr'><strong>b)</strong></span> <span class='ocrx_word' id='word_1_441' title='bbox 1001 4775 1133 4852; x_wconf 85' lang='lat' dir='ltr'><strong>Cap.59.</strong></span> <span class='ocrx_word' id='word_1_442' title='bbox 1208 4772 1238 4844; x_wconf 85' lang='lat' dir='ltr'><strong>c)</strong></span> <span class='ocrx_word' id='word_1_443' title='bbox 1259 4767 1351 4828; x_wconf 84' lang='lat' dir='ltr'><strong>1..1V.</strong></span> <span class='ocrx_word' id='word_1_444' title='bbox 1366 4786 1452 4844; x_wconf 59' lang='grc' dir='ltr'><strong>μω.</strong></span> <span class='ocrx_word' id='word_1_445' title='bbox 1469 4779 1533 4840; x_wconf 81' lang='lat'><strong>292.</strong></span> 
     </span>
    </p>
   </div>
   <div class='ocr_carea' id='block_1_19' title="bbox 0 0 2154 5500">
    <p class='ocr_par' dir='ltr' id='par_1_22' title="bbox 0 0 2154 5500">
     <span class='ocr_line' id='line_1_68' title="bbox 0 0 2154 5500; baseline 0 0"><span class='ocrx_word' id='word_1_446' title='bbox 0 0 2154 5500; x_wconf 95' lang='lat' dir='ltr'><strong> </strong></span> 
     </span>
    </p>
   </div>
  </div>
 </body>
</html>
