4267 5500
779 596 1124 672 neutrumne.
1516 626 1523 642 ,
1655 610 1726 687 tta

173 774 204 824 ta
223 774 289 839 eat,
317 758 438 827 deinde
461 761 586 829 debere
611 781 669 827 eoa
696 763 796 828 tribui
813 756 927 857 Domi-
981 780 1049 833 tum
1072 754 1264 842 Cireeman,
1294 781 1567 854 carpentumque,
1605 788 1670 853 quo
1691 770 1725 831 in

172 860 272 925 tiliae
288 861 401 941 alteri,
435 884 534 951 qnae,
571 864 661 951 qaod
691 866 845 945 aciamus,
885 868 926 932 nti
981 890 1101 955 pompa
1120 868 1366 946 traduceretur,
1397 882 1429 932 at
1449 869 1552 932 sainte
1574 888 1646 933 eam
1668 890 1728 934 un·

170 974 328 1027 nentrum
359 980 556 1031 eventuum.
606 968 707 1045 Sunt,
738 970 793 1052 qui
813 969 927 1033 Domi·
980 991 1077 1058 quam
1109 981 1350 1048 content-atem,
1389 991 1498 1057 neque
1525 970 1633 1048 numi,
1671 990 1729 1035 ue·

174 1060 267 1127 tillae
296 1064 434 1149 junioris
457 1070 737 1133 conaenrationem
761 1090 804 1134 ex
823 1070 926 1135 Statio
981 1091 1045 1156 qne
1068 1070 1217 1135 itiatoriai
1239 1091 1373 1157 uuquam
1391 1066 1629 1138 meminerunt..
1659 1074 1729 1137 llo-

172 1176 288 1250 putant
304 1186 403 1249 poure
424 1169 497 1233 erui
517 1172 565 1255 ⁸),
593 1192 710 1238 verum
730 1174 805 1237 tatia
828 1192 923 1256 eppa·
979 1194 1052 1235 rum
1069 1173 1271 1258 Agrippinae
1289 1194 1465 1237 nnmerum
1485 1187 1611 1258 partem
1636 1195 1730 1242 ater·

174 1280 247 1343 ret,
276 1286 352 1329 eam
373 1266 518 1333 loutrtum
540 1292 614 1337 eane
635 1292 729 1336 more
750 1290 923 1357 poetarum
982 1296 1049 1339 eam
1072 1274 1237 1357 Caligula,
1272 1288 1326 1337 aut
1347 1274 1458 1339 teriuu
1487 1276 1639 1341 Glandina
1672 1276 1729 1343 ‹le-

177 1372 379 1457 prineipiltna
395 1370 606 1441 adulantium.
636 1373 762 1437 Eadem
780 1378 924 1442 enimae·
979 1376 1141 1461 prompait
1163 1394 1205 1437 ex
1226 1373 1336 1437 numia
1356 1376 1489 1455 hirtae,
1519 1379 1576 1461 qui
1596 1392 1727 1442 oenten-

178 1494 219 1537 ro
241 1472 428 1538 conditione
450 1474 633 1557 Augustum
661 1495 791 1562 quoque
813 1478 923 1544 vivum
979 1478 1066 1541 tiam·
1082 1496 1189 1540 meam
1217 1475 1362 1559 apertiua
1391 1475 1567 1542 atabiliunt.
1611 1480 1649 1541 ln
1671 1480 1731 1542 lto·

176 1600 194 1640 ι
215 1588 330 1641 uenatu
348 1588 573 1639 eonaeoratum
587 1576 753 1659 oportebit
769 1591 923 1655 statuere,
981 1600 1056 1643 ram
1078 1572 1334 1662 superficie-una
1347 1590 1414 1640 eat:
1445 1577 1480 1645 S.
1498 1578 1534 1641 P.
1554 1578 1597 1673 Q
1615 1581 1657 1647 tt.
1672 1582 1732 1649 lV·

176 1678 424 1767 quoniamoum
439 1674 546 1739 adltuo
561 1676 726 1741 viventem
742 1682 838 1743 &um
852 1700 924 1763 paa-
980 1680 1097 1745 ΗΔΕ.
1108 1676 1298 1746 thVs‘r.
1318 1679 1517 1759 carpentum
1526 1702 1553 1742 ἀ
1560 1682 1650 1744 binis
1660 1704 1729 1745 mu·

176 1778 563 1863 uinconpetlantttam,
579 1780 675 1855 Naro,
691 1780 828 1865 aliique;
845 1780 924 1865 quin
980 1784 1026 1845 lis
1041 1792 1197 1844 tractum.
1240 1778 1353 1842 Fuere
1373 1778 1410 1838 hi
1430 1778 1545 1844 nivino
1566 1782 1672 1858 numi,
1695 1791 1731 1845 nt

177 1894 212 1945 et
230 1878 570 1944 Domitium-Neronia
597 1892 723 1963 patrem
741 1882 923 1945 naturalem
979 1882 1056 1947 loco
1078 1901 1139 1945 auo
1158 1878 1315 1957 vidintur,
1345 1898 1386 1944 ea
1407 1868 1513 1943 adltue
1538 1881 1670 1947 nirenta
1687 1884 1729 1945 ai*

175 1979 368 2045 habebimur
389 1992 631 2059 conterentem,
653 1981 726 2065 quin
748 1980 790 2045 de
809 2000 851 2046 eo
866 1982 924 2045 Se·
981 1984 1086 2067 gnati,
1118 1980 1341 2068 atque·atleo·‚
1372 1994 1543 2067 antequem
1569 1982 1653 2049 (linia
1678 2004 1729 2047 ao·

174 2102 256 2147 nette
271 2080 353 2143 dixit
372 2078 435 2163 ¹³)t·
912 2106 917 2127 ·
981 2070 1199 2161 censeretur(
1223 2084 1287 2167 jam
1307 2080 1370 2144 init
1391 2084 1424 2145 ei
1445 2082 1728 2150 temulento

241 2182 349 2258 Nero,
371 2188 440 2264 ipse
456 2182 532 2245 dieo
548 2182 702 2247 Domitio
716 2188 854 2264 genitus
866 2204 925 2266 pe·
980 2184 1132 2248 Eundem
1160 2185 1300 2248 thenaae
1325 2177 1486 2247 honorem
1513 2185 1729 2269 Agrippinam

780 2297 839 2347 tre.
980 2285 1143 2369 juniorem
1176 2284 1281 2350 adhue
1316 2285 1433 2351 vivem-
1452 2286 1515 2350 ailti
1550 2286 1727 2372 adrogaaao

175 2382 409 2449 ‘tillemontius
439 2400 573 2469 queque
601 2380 687 2447 ltatte
719 2382 921 2448 Domitillam
980 2385 1080 2450 trudit
1099 2386 1231 2451 ‘l'aoitne
1252 2386 1300 2467 ⁰),
1338 2400 1373 2450 et
1398 2387 1606 2453 Maenalinam
1631 2387 1728 2451 Clau·

176 2502 402 2553 conueeratam
415 2484 497 2549 dixit
512 2486 553 2567 Ε),
571 2484 630 2548 aed
643 2484 774 2549 nunniti
790 2506 924 2570 apome-
981 2486 1027 2549 oti
1048 2486 1114 2551 Dio
1134 2486 1173 2568 ἵ).
1211 2486 1309 2554 Vnde
1329 2487 1538 2571 perspicuum
1559 2503 1627 2566 eat,
1655 2511 1725 2553 oar·

174 2588 269 2653 ribo·
295 2586 401 2651 nuntie
420 2585 559 2663 uoluit,
598 2586 653 2670 qui
674 2599 748 2651 aunt
771 2586 806 2648 in
827 2587 922 2669 ltujua
980 2602 1115 2672 pentum
1137 2586 1238 2651 latiare
1256 2586 1424 2651 decretum
1437 2590 1577 2673 ‘publice
1597 2591 1728 2676 tignum

178 2692 351 2756 'I'lrerauro
367 2686 573 2753 oeternum
981 2686 1148 2774 amplioris
1165 2688 1333 2773 oujuatlam
1350 2691 1592 2770 venerationia‚'
1610 2707 1649 2756 at·
1661 2714 1730 2756 nen

241 2794 287 2856 At
304 2792 392 2856 euim
411 2811 527 2857 averte
545 2789 680 2856 exhibet
694 2791 841 2855 theonam
858 2809 925 2870 mu·
982 2792 1250 2858 nonaeoratioaia.
1300 2791 1345 2852 Iit
1364 2791 1444 2854 linet
1462 2813 1539 2856 aene
1561 2814 1603 2856 er
1625 2795 1727 2856 omni·

177 2893 219 2957 lia
237 2905 385 2969 vectam,
412 2910 513 2976 ergo,
543 2895 657 2980 inqnet
677 2887 811 2977 aliquio',
842 2891 870 2954 ai
890 2889 926 2951 lti
982 2910 1065 2975 gena
1095 2890 1305 2954 aimilitudine
1327 2911 1502 2954 numerum
1525 2894 1726 2978 Agrippinae

176 2993 269 3058 numi
284 2987 394 3072 foretlt
410 2991 606 3058 Domitillae·
620 2994 759 3070 torneie,
781 2995 856 3077 ipae
870 2991 924 3056 itio
982 2991 1139 3066 aenioria,
1168 3003 1203 3053 et
1222 2989 1413 3054 Domitillae
1435 2993 1615 3076 colligere,
1652 3012 1727 3056 ean·

178 3109 274 3180 typus
297 3093 545 3180 comprobaret,
578 3115 650 3159 eam
673 3093 924 3178 initae-ruperit
981 3095 1057 3156 dam
1086 3091 1230 3156 omnino*
1247 3093 1416 3177 utrinque
1445 3093 1547 3157 iniere
1568 3093 1728 3157 conditio·

179 3197 387 3280 atiuoriptam.
417 3195 542 3264 Verum
560 3195 633 3279 juro
649 3217 832 3282 negavero,
854 3215 924 3259 oar·
980 3217 1078 3276 nem;
1116 3192 1290 3277 utrobique
1325 3195 1518 3258 omittuntur
1551 3196 1637 3258 tituli
1667 3196 1727 3258 Dl-

177 3311 313 3382 pentum
337 3295 442 3360 simile
461 3315 535 3361 aare
556 3310 683 3360 eertum
708 3297 925 3362 consecratio·
980 3297 1090 3372 VAE',
1120 3308 1155 3358 et
1174 3293 1428 3373 AVGVSTAE,
1460 3295 1611 3382 quoniam
1638 3313 1727 3360 utra·

177 3399 230 3462 nir
255 3397 423 3462 indicium.
466 3397 565 3492 Quod
585 3413 622 3462 nt
639 3418 719 3464 vere
738 3399 922 3475 nullirm0m5
982 3419 1045 3484 qne
1069 3418 1177 3484 neque
1204 3410 1397 3460 eouaeornta
1416 3397 1495 3474 tuit,
1528 3419 1637 3484 nequo
1661 3400 1727 3461 Au·

178 3499 278 3564 lioeat
306 3519 490 3584 provocare
516 3498 556 3563 atl
586 3519 702 3564 namon
722 3498 924 3583 Agrippinae
981 3513 1095 3583 gnatae
1123 3500 1258 3561 nomine
1294 3497 1446 3580 insignia,
1488 3512 1521 3561 et
1550 3499 1723 3584 utrobique

177 3600 334 3678 uenient,
353 3599 409 3686 qui
427 3615 461 3665 et
479 3601 707 3687 inscriptione,
724 3613 758 3666 et
777 3613 854 3684 typo
873 3599 924 3662 hia
981 3599 1135 3664 aur-ibitur
1164 3597 1419 3672 momontum,
1454 3596 1611 3662 uendente
1633 3599 1726 3662 nimi·

178 3701 302 3767 noatria
330 3699 413 3765 adeo
442 3715 517 3766 aunt
546 3701 688 3778 similer,
724 3714 761 3764 ut
784 3699 923 3766 dubitari
980 3723 1052 3764 rum
1074 3701 1197 3784 pietate
1215 3698 1285 3761 illio
1306 3699 1340 3759 in
1361 3717 1498 3762 uxorem
1519 3699 1632 3764 fratria
1643 3702 1726 3764 Ger·

178 3824 246 3868 non
271 3803 393 3888 poenit,
424 3803 464 3867 ab
490 3803 557 3868 illie
583 3815 792 3889 praesentem
813 3816 923 3888 typum
980 3801 1116 3879 manici,
1147 3800 1201 3862 hie
1221 3799 1435 3863 inaniorem.
1473 3798 1534 3864 Hie
1551 3801 1652 3883 igitur
1671 3823 1726 3866 ex·

176 3903 280 3968 iniere
309 3917 453 3987 captum,
492 3925 530 3970 ae
556 3917 731 3990 propterea
751 3905 923 3988 inaigniter
978 3902 1089 3986 penaia
1118 3919 1217 3964 nemo
1246 3899 1348 3963 oredo
1369 3902 1448 3976 erit,
1485 3902 1540 3986 qui
1567 3903 1720 3987 ambiget,

178 4005 220 4070 ad
242 4005 327 4068 huno
347 4024 475 4070 centem
496 4007 615 4071 valent.
657 4009 785 4070 Horum
810 4025 922 4071 atet-ta
978 4025 1093 4067 numua
1120 4021 1234 4067 omnen
1250 4001 1439 4067 Domitillae
1457 4006 1591 4069 nunnae
1614 4005 1728 4070 maeri·

179 4121 247 4173 eut:
279 4107 316 4172 8.
335 4107 374 4171 Ρ.
390 4106 431 4203 Q.
447 4111 488 4174 tt.
505 4107 755 4174 MEMORIAE.
779 4108 925 4170 AGRIP·
981 4119 1071 4190 μοι,
1084 4105 1140 4190 qni
1151 4108 1247 4169 diem
1260 4107 1482 4186 etAugustee
1496 4107 1728 4170 neminaomit·

180 4209 328 4273 Ptttnlt.
384 4209 511 4274 Dionae
532 4233 553 4274 u
574 4213 663 4275 bini:
684 4211 785 4274 mulis
806 4221 924 4272 traete.
982 4219 1063 4284 tunt,
1087 4211 1300 4288 (tentantem
1316 4220 1437 4270 tautum
1456 4208 1725 4272 neneil.iormne

182 4313 351 4377 Tenemur
389 4333 432 4376 er
468 4313 625 4378 Sitetonio
646 4309 696 4393 d),
744 4311 923 4396 Caligulam
981 4327 1055 4372 oum
1072 4327 1140 4372 une
1162 4309 1228 4372 lton
1249 4310 1384 4374 thenaae
1400 4301 1494 4393 type)
1521 4327 1594 4372 eane
1613 4310 1724 4373 Domi

182 4415 276 4478 maini
312 4413 513 4500 Agrippinae
561 4413 747 4478 inatituiaae·
780 4411 924 4489 inferiae,
980 4395 1073 4476 tiliae
1091 4409 1431 4492 juniontritueneon

217 4731 247 4795 a]
266 4727 660 4798 Silv.1,.1.cnrn.r.v.97.
679 4735 723 4800 98.
851 4723 886 4796 b)
907 4725 936 4780 in
954 4722 1076 4781 Octavio
1093 4731 1191 4795 moy.
1321 4725 1351 4791 c)
1371 4721 1400 4776 in
1414 4719 1537 4796 Vesper.
1555 4732 1608 4776 nrt.
1620 4721 1640 4777 l.
1658 4733 1724 4796 μᾶ.

183 4813 469 4890 ἀ)ἰιι(ἒιΙίς.ο.15.
582 4813 839 4884 e)Ann.Xll.·'tl.
950 4810 1194 4881 DL.LX.§22.
1375 4901 1480 4960 xm
