4267 5500
766 642 768 647 ¹
834 546 1047 621 canna.
1621 569 1718 671 ,99

136 724 141 732 '
168 722 261 787 nami
288 720 396 806 gentis
416 717 566 795 Gaeiiae,
595 712 771 798 inquibus
798 714 913 780 visitur
969 717 1045 781 loco
1070 720 1257 786 Morellins'
1274 724 1361 790 inter
1389 729 1533 799 incertos
1563 737 1716 821 exbibet,

167 826 299 910 signnm
318 824 476 899 militare,
502 819 555 885 cui
573 818 769 901 inscriptam
784 819 916 900 HlSpa·
970 819 1076 885 adhuc
1092 836 1183 901 sant,
1206 827 1261 910 qai
1276 831 1399 894 natales
1417 855 1494 908 suos
1511 836 1634 904 Galbae
1654 841 1715 905 im·

168 932 244 1003 aia,
275 926 365 1009 juata
386 944 521 1009 porcus,
553 932 609 984 ant
635 920 670 981 in
695 918 767 983 aliis
792 938 912 1001 porcus
968 923 1067 1007 perio
1093 923 1253 1003 debeant,
1290 929 1349 993 sed
1376 931 1474 999 dubi,
1500 954 1575 1003 ,unt
1597 962 1717 1009 eom,

168 1028 265 1111 signo
282 1026 413 1091 militari
433 1024 555 1088 eodem
570 1020 685 1097 modo,
712 1035 747 1082 ct
766 1020 800 1083 in
819 1040 914 1103 prae·
969 1024 1120 1103 criteria,
1138 1040 1173 1089 et
1187 1028 1332 1108 vitellii,
1353 1034 1557 1125 aliorumque
1575 1041 1717 1128 ’napea-0.

168 1143 282 1205 sente,
326 1126 502 1214 praelixas.
554 1122 643 1218 Quid
685 1120 775 1207 quod
815 1119 916 1203 ipsius
972 1138 1085 1189 tarum
1099 1128 1197 1193 aetati
1211 1150 1280 1193 non
1294 1153 1494 1221 repugnans.
1578 1184 1584 1195 ,

168 1230 323 1308 Cluniae,
353 1228 470 1315 quain
497 1225 578 1289 urbe
604 1222 740 1286 Galbam
762 1222 919 1286 acclama-

168 1346 240 1395 tum
266 1331 368 1393 inisse
393 1331 629 1413 imperatorem
654 1323 811 1401 diximus,
838 1322 917 1385 iasab
1150 1310 1257 1378 Nunti
1276 1323 1541 1388 restitutionum.

171 1452 237 1517 gna
259 1452 338 1495 essa
356 1450 508 1515 porcam,
529 1428 625 1511 bajas
645 1424 736 1489 urbis
757 1422 847 1489 nami
868 1424 917 1486 lm
1036 1428 1083 1490 Hi
1104 1448 1321 1501 recensentur
1342 1437 1375 1501 in
1400 1453 1537 1507 tractatu
1559 1444 1720 1531 singulari

170 1534 303 1597 taleme
327 1530 568 1603 demonstrant,
596 1528 631 1589 in
655 1525 772 1611 quibus
794 1524 828 1587 id
849 1524 916 1589 aui·
973 1527 1016 1593 de
1040 1533 1147 1596 cumis
1171 1535 1267 1619 hujus
1288 1540 1417 1622 classis,
1445 1564 1543 1628 quem
1566 1546 1719 1617 dedimus

169 1635 235 1699 mal
263 1636 297 1696 in
325 1653 439 1698 aversa
465 1644 520 1693 ant
546 1630 652 1693 solum
680 1640 793 1712 typam
818 1627 913 1705 iacit,
972 1629 1140 1697 volumine
1155 1636 1199 1703 V.

169 1750 225 1800 aut
248 1736 369 1799 saltem
390 1733 492 1796 instar
515 1728 602 1815 signi
624 1728 729 1791 incusi
755 1730 914 1791 insertum
1175 1799 1179 1810 ‚

168 1852 230 1903 est.
258 1836 324 1900 ati
343 1834 544 1897 Floreaiam.
572 1829 625 1892 Ad
647 1830 729 1893 haec
748 1830 914 1904 norimus,
1100 1816 1202 1883 Numi
1221 1828 1396 1889 &mutatis
1411 1835 1596 1914 peregrini.

170 1958 267 2025 ‘lm
295 1956 395 2022 saepe
419 1931 575 2017 Hispania
601 1933 638 1995 in·
660 1931 782 1995 Galbae
806 1930 912 1993 numia
1034 1935 1196 2019 Pet-pauci
1210 1938 1245 2001 id
1262 1956 1365 2025 genus
1382 1948 1472 2010 numi
1488 1964 1626 2035 propter
1641 1955 1717 2021 Gal·

171 2052 386 2105 memoretur.
429 2036 582 2097 Ceteram
613 2034 683 2115 ipsa
714 2033 824 2097 antica
847 2045 913 2095 tam
970 2032 1032 2099 baa
1049 2036 1152 2104 brese
1168 2039 1464 2127 imperiumadbne
1480 2054 1613 2137 cogniti,
1628 2070 1719 2123 sana

167 2162 233 2225 pes·
254 2138 473 2224 epigraphen,
501 2156 600 2219 quam·
622 2147 733 2215 typum
759 2154 819 2195 noa
847 2154 915 2195 me·
972 2157 1052 2221 que:

169 2258 245 2323 net,
274 2242 336 2303 bos
353 2259 469 2302 numos
486 2235 545 2299 sub
562 2232 664 2297 Galba
688 2233 789 2297 fuisse
811 2234 915 2318 signa·
1035 2242 1236 2321 Papularum
1257 2245 1455 2317 liberarum.-

169 2358 242 2422 tas,
268 2362 343 2405 uam
370 2339 405 2402 in
432 2338 531 2402 nullis
552 2335 685 2400 alterins
706 2334 836 2417 imperii
857 2356 916 2398 na·
1037 2342 1246 2407 Antiochiae
1258 2344 1393 2430 Syriae:
1409 2352 1717 2429 EntMonA.

171 2446 234 2509 mis
255 2441 416 2506 Libertati
440 2440 533 2524 spica·
553 2436 716 2500 tribuitur.
746 2438 839 2499 Hanc
860 2458 915 2502 re·
971 2435 1405 2518 NOT.ANT10xEltN.
1428 2456 1502 2523 ET.
1524 2459 1610 2527 ZIP.
1633 2469 1719 2547 (Mo-

170 2566 211 2609 ra
232 2566 253 2609 s
272 2543 378 2607 Galba
397 2542 577 2606 restitutam
600 2557 663 2621 ope
689 2538 815 2599 Illerris
841 2558 915 2601 cum
972 2542 1076 2622 uelli.)
1093 2541 1135 2606 de
1151 2565 1216 2628 quc
1229 2568 1330 2612 numo
1346 2551 1387 2613 ad
1405 2558 1628 2626 stabiliendam
1647 2566 1717 2648 ejus

173 2648 321 2721 Vitatis,
346 2657 416 2706 tum
435 2642 632 2705 Adsertotis
651 2649 760 2721 partes
781 2658 915 2703 auersae
972 2642 1063 2705 urbia
1087 2646 1247 2726 epocham
1273 2654 1394 2719 eximie
1420 2659 1529 2726 valido
1557 2664 1592 2727 in
1620 2668 1718 2752 hujus

172 2746 360 2832 loquantur.
393 2743 503 2836 Quare
527 2741 637 2825 inique
661 2740 914 2822 liavercampcs,
972 2742 1063 2806 urbis
1081 2762 1211 2813 moneta
1229 2753 1366 2836 egimus.

173 2848 228 2911 abi
253 2848 288 2911 ia
313 2848 375 2912 laos
402 2842 550 2906 Morellii
576 2861 692 2904 numos
720 2857 915 2905 commenta·
1040 2847 1149 2927 Cypri.
1185 2850 1291 2932 Hujus
1312 2859 1402 2920 numi
1423 2861 1479 2924 alii
1506 2885 1580 2929 cam
1609 2872 1721 2950 capita

173 2964 242 3026 tar,
273 2969 333 3014 ecs
353 2948 387 3008 in
408 2945 617 3019 lllvirorum,
649 2955 684 3005 et
703 2941 841 3032 Augusti
863 2963 916 3006 ae·
973 2941 1095 3006 Galbae
1131 2945 1367 3017 inscribunturs
1411 2959 1602 3027 KOINON.
1636 2965 1722 3030 ΚΤ.

173 3065 269 3114 tatem
294 3048 443 3112 retrahit.
477 3042 657 3128 Singularis
680 3056 732 3106 est
756 3044 853 3108 etiam
875 3045 913 3118 is,
971 3039 1143 3112 ΠΡΙΩΝ.
1167 3045 1328 3118 ΕΤΟΤΟ.
1350 3057 1393 3123 Α.
1424 3062 1538 3143 (Vsill.
1552 3069 1716 3153 morelli.)

175 3173 270 3236 quesn
296 3163 470 3234 postremo
492 3145 569 3209 laco
596 3143 774 3229 descripsi,
803 3158 837 3208 et
858 3146 914 3229 qni
970 3143 1075 3207 Atia
1101 3148 1166 3210 alio
1194 3152 1339 3236 lIaymiis
1375 3160 1491 3241 (ilias.
1510 3167 1594 3234 Brit.
1615 3173 1655 3234 T.
1675 3175 1719 3239 ll.

173 3252 234 3316 init
267 3251 347 3330 elim
381 3249 414 3310 iu
448 3235 562 3310 sbasec
592 3245 716 3309 abbatis
746 3246 914 3311 liotbelin.
971 3267 1004 3329 p.
1034 3267 1077 3311 m.
1112 3253 1200 3332 245.)
1248 3255 1439 3327 KOINON.
1477 3263 1714 3340 ΚΤΠΡΙΩΝ.

174 3355 209 3416 tii
238 3352 331 3416 numi
362 3347 600 3434 praecedentes
630 3367 704 3409 cum
735 3347 914 3432 epigraphe
952 3343 1136 3428 1ΕΤΟἸὊ.
1153 3349 1192 3416 B.
1217 3355 1374 3422 Eruditus
1394 3363 1503 3430 editor
1520 3389 1594 3432 cum
1611 3392 1718 3437 annos·

173 3455 304 3518 Marte.
333 3447 573 3514 instauror
602 3446 783 3529 imperante
813 3447 917 3511 Galba
972 3445 1067 3512 binos
1087 3471 1286 3537 componere
1307 3480 1382 3524 cnm
1403 3481 1531 3548 septem
1552 3475 1716 3537 mansium

173 3571 246 3620 snat
261 3553 380 3639 signati
389 3597 405 3628 „
418 3547 550 3626 dubium
567 3569 633 3611 nun
652 3547 796 3625 videtur,
819 3549 915 3613 etiam
972 3549 1115 3634 imperio
1132 3558 1301 3640 nequiret,
1326 3561 1367 3622 ad
1388 3581 1546 3652 concepta
1568 3593 1631 3655 pro
1654 3588 1717 3638 sta·

173 3678 303 3720 numam
339 3651 530 3735 inscriptum
565 3649 812 3718 mettas.
840 3651 917 3712 AD·
972 3651 1097 3715 bilitate
1129 3653 1259 3738 imperii
1290 3659 1412 3726 Galbae
1448 3681 1522 3731 vcta
1557 3672 1714 3759 confugit.

174 3755 363 3821 SERTOR.
383 3773 455 3818 cum
473 3750 589 3814 iisdem
608 3748 806 3826 seeundum,
822 3771 916 3834 prae·
972 3754 1046 3814 Non
1065 3743 1208 3818 ‘advertit
1226 3759 1367 3824 animum
1389 3762 1435 3826 ed
1453 3789 1569 3834 numos
1590 3771 1714 3839 Galbae

172 3861 268 3946 eipne
284 3875 360 3923 cnm
377 3855 447 3940 ejus
464 3852 531 3936 typi
548 3853 747 3944 praeclaram
764 3849 916 3934 suppedi·
971 3853 1228 3934 Alexandrinos,
1252 3880 1391 3943 qnorum
1406 3865 1462 3928 alii
1477 3872 1522 3946 A,
1544 3871 1600 3937 alii
1612 3877 1641 3936 B
1660 3899 1716 3960 pa·

171 3975 240 4024 tent
249 3961 382 4024 illorum
391 3972 575 4040 temporum
584 3954 785 4038 allegoriam.
795 3950 916 4046 Quem·
972 3952 1055 4016 riter
1076 3953 1236 4038 offerunt,
1266 3962 1325 4030 sed
1347 3966 1438 4049 eujus
1460 3972 1639 4057 explicatas
1660 3997 1717 4044 aa·

172 4061 347 4125 admodum
383 4058 471 4123 anim
500 4053 663 4120 Hercules
693 4074 734 4116 ex
760 4054 915 4138 Hispania
973 4055 1092 4138 gaitae.

172 4161 277 4228 redas
305 4161 417 4226 accim
439 4159 526 4224 Caco
549 4159 676 4220 latrone
700 4168 825 4238 septem
850 4155 917 4218 col·
1039 4161 1252 4226 Coloniarum
1275 4167 1366 4230 nami
1387 4169 1423 4234 ti
1443 4193 1573 4260 quoque
1596 4198 1638 4241 es
1661 4198 1714 4244 ss·

172 4265 221 4328 les
244 4265 279 4326 in
299 4261 487 4326 libertatem
509 4256 669 4331 adseruit,
693 4256 743 4320 sic
761 4270 795 4318 et
811 4255 915 4320 Galba
972 4259 1048 4326 dem
1070 4282 1166 4326 caasa
1187 4263 1264 4329 rari.
1294 4267 1461 4338 Habemus
1479 4276 1624 4357 Babbaa,
1649 4280 1713 4346 (χο,

172 4385 213 4428 ex
233 4363 349 4429 eadem
363 4360 523 4447 Hispania
537 4373 692 4450 resenas
706 4353 837 4438 dejecto
850 4359 915 4420 Ne·
971 4362 1089 4442 rinnai,
1110 4366 1289 4430 patrumm,

171 4485 252 4528 rane
268 4467 408 4528 Romam
424 4461 540 4525 iisdem
558 4471 685 4542 septem
701 4457 841 4521 collibus
855 4459 916 4520 im·
1032 4467 1272 4534 Alexandrini
1288 4470 1393 4535 niun,
1410 4473 1487 4538 ms,

172 4567 310 4650 pultem
326 4563 493 4640 liberarit,
516 4559 712 4645 effecitque,
743 4571 778 4621 ut
789 4561 915 4643 βοτηε

172 4669 320 4732 Fortuna
342 4663 765 4748 P.1t.ireraminctpsrea
1151 4649 1331 4716 N⁰m51⁸⁰
1365 4653 1536 4722 Galbae·

235 4767 338 4832 Furta
357 4765 574 4832 intersumus
590 4763 682 4846 illos,
700 4782 782 4852 qnos
797 4759 914 4826 eodem
1035 4765 1174 4834 Praeter
1195 4769 1260 4854 jam
1284 4773 1414 4856 cognita
1438 4773 1548 4844 Servii
1572 4753 1716 4868 Sulpicia·

1383 4876 1413 4936 P
1433 4894 1495 4959 pa
