4267 5500
761 563 1051 638 ANTONIA'.
1613 592 1678 659 181

124 793 133 808 ,
395 779 417 819 ,
503 733 544 772 ⁸'
604 777 624 814 „
748 750 752 760 ·
937 735 989 811 di,
1019 736 1107 821 qnod
1131 736 1212 800 alios
1233 733 1380 800 Corinthi
1404 755 1520 802 numos
1539 743 1680 826 egregie

146 842 321 907 (mutis
337 838 519 920 peregrini.
936 836 1118 916 illustrant,
1148 851 1180 900 et
1203 840 1351 924 quislem,
1370 861 1460 924 ,quos
1477 860 1523 904 aa
1540 857 1680 926 propter

256 934 488 1004 ANTONIA.
505 929 746 1000 mam
771 936 879 1018 Caput
929 937 990 1001 ltic
1010 938 1210 1024 descriptum
1229 961 1285 1005 eo:

253 1041 417 1104 muliebre
430 1041 587 1101 uelatum.
1098 1043 1134 1105 C.
1161 1043 1343 1108 CAESAR.
1370 1041 1529 1112 AVGVS.
1574 1031 1680 1130 Capu

143 1141 182 1213 Γ.
198 1136 394 1206 ΚΑῙΣΑΡ.
414 1133 685 1205 ΣΕΒᾸΣΤΟΣ.
703 1132 881 1200 emm
1100 1148 1234 1208 nudum.

144 1238 410 1310 AoNtKEnN.
430 1243 536 1320 Caput
549 1242 738 1323 Culligulue
751 1243 881 1303 laureu-
932 1247 981 1309 M.
998 1245 1174 1310 BELLIO.
1193 1244 1414 1314 PROCVLO.
1439 1247 1555 1314 11V1R.
1579 1246 1678 1313 COR.

145 1363 216 1410 tusa.
236 1347 306 1408 ΔΕ.
322 1347 363 1404 11.
383 1342 546 1423 (Pellerin
564 1342 643 1403 Mel.
655 1345 695 1406 ll.
713 1345 830 1424 puts)
937 1351 1085 1429 Pegasus
1104 1350 1228 1410 uolans.
1250 1349 1363 1431 (vain.
1382 1351 1467 1412 ilus.
1485 1349 1596 1429 Caes.)

200 1451 250 1510 Ex
273 1448 341 1508 ltoc
362 1466 462 1506 numo
482 1443 566 1506 alter
586 1442 659 1506 lere
675 1443 792 1504 similis
809 1446 879 1506 Mo·
1100 1450 1224 1512 Eadem
1246 1455 1392 1511 aduersu.
1653 1501 1656 1506 Δ

142 1551 222 1614 rellii
235 1545 454 1631 corrigendus
474 1558 540 1620 est,
567 1544 625 1628 qui
644 1563 706 1626 pro
727 1541 888 1635 natas
932 1549 973 1614 P.
987 1548 1206 1616 VIPSANIO.
1223 1551 1424 1613 AGRIPPA.
1442 1549 1558 1617 nvttt.
1577 1549 1679 1614 COR.

143 1645 239 1716 zaP.
256 1650 343 1734 legit
359 1649 402 1712 T.
419 1645 615 1722 ΚΑΙΣΑΡ,
641 1669 706 1732 quo
723 1648 760 1708 in
777 1668 876 1710 numu
934 1654 1082 1733 Pegasus
1099 1653 1224 1714 volens.
1247 1651 1360 1734 (vult.
1378 1655 1461 1716 tous.
1478 1653 1588 1733 Caes.)

143 1755 378 1834 flavescampus
398 1775 435 1811 re
459 1749 490 1809 T
513 1749 595 1832 legit
616 1749 776 1830 Τιβεριοςς
796 1750 876 1813 cata
991 1751 1144 1828 Petinus,
1167 1753 1378 1832 Vaillantius,
1398 1755 1604 1828 lietduinus,
1624 1775 1678 1816 au·

142 1877 212 1920 sere
238 1854 302 1917 ltoe
334 1854 516 1936 impennte
543 1853 684 1916 Antonia
710 1856 876 1936 Augustae
934 1865 1008 1914 utor
1034 1854 1139 1916 masei
1168 1855 1350 1936 Theupoli,
1380 1855 1503 1939 aliique
1529 1856 1562 1914 in
1592 1855 1676 1916 binis

141 1958 224 2019 titulo
256 1955 372 2038 gavisa
404 1951 548 2016 nondum
584 1955 702 2030 fuerit,
742 1969 874 2030 canuc,
932 1953 987 2016 hie
1004 1953 1175 2037 descriptis
1192 1957 1297 2017 nanis
1317 1969 1412 2038 ceput
1429 1956 1570 2038 Augusti
1589 1955 1677 2018 side»

141 2080 260 2120 numum
298 2057 467 2140 signatum
504 2055 564 2117 sub
598 2055 752 2133 Claudio,
789 2070 822 2118 et
857 2078 874 2118 a
932 2068 1017 2117 runt.
1059 2057 1142 2118 Cum
1175 2058 1358 2140 catalogum
1392 2057 1496 2120 musei
1525 2057 1678 2120 Caesarei

141 2157 483 2222 Thessalonicensibus
510 2171 573 2220 tant
603 2156 874 2242 Tiberii,‘quam
932 2171 1164 2233 contexerem,
1194 2179 1263 2220 non
1293 2173 1358 2220 tam
1388 2159 1505 2221 horum
1538 2158 1678 2220 auctori·

140 2261 286 2324 Antoniae
328 2261 522 2325 memoriam
563 2272 764 2322 renovatam.
809 2260 875 2322 Sed
932 2271 1032 2322 tatem
1062 2271 1211 2334 secutus,
1249 2281 1345 2343 quam
1377 2258 1464 2345 quud
1494 2259 1612 2342 signati
1643 2261 1676 2320 in

141 2385 206 2426 raro
232 2361 262 2422 T
291 2363 403 2426 solum
432 2362 474 2424 ad
501 2359 677 2425 nutantium
705 2361 874 2425 Tiberium
933 2373 1072 2443 utroque
1109 2363 1214 2423 musei
1247 2352 1401 2425 Caesarei
1435 2381 1533 2424 numo
1569 2362 1676 2426 vultus

140 2485 194 2546 pro
207 2465 262 2526 TI.
281 2465 437 2548 ponitur,
458 2477 552 2526 etex
569 2484 668 2526 namo
684 2464 877 2532 Pellerinia·
932 2464 1114 2546 Augustum
1131 2483 1195 2525 non
1215 2462 1432 2538 diffiteantur,
1452 2484 1509 2527 eos
1528 2465 1675 2547 Angusto

140 2585 178 2626 no
201 2565 269 2648 plus
291 2587 394 2650 quam
416 2563 594 2627 verisimile
615 2577 685 2640 est,
714 2567 877 2628 aMorel-
932 2563 1080 2626 tribuere
1104 2586 1169 2627 non
1193 2563 1353 2640 dubitavi,
1384 2585 1457 2627 cum
1478 2579 1586 2627 tamen
1605 2585 1676 2627 eos·

140 2665 181 2727 lio
202 2667 318 2730 lectum
344 2666 379 2728 Τ
399 2685 461 2751 pro
485 2661 527 2742 Γ,
561 2665 595 2726 in
624 2665 740 2750 quibus
771 2667 875 2729 literis
932 2665 1009 2728 tlcm
1039 2666 1204 2750 Caligulae
1230 2667 1414 2729 tribuerent
1435 2667 1608 2730 Moselliuu
1630 2669 1675 2749 Ι),

143 2790 227 2853 saepe
244 2770 285 2831 ab
301 2768 495 2854 antiquariis
520 2776 690 2850 peccatum
715 2768 874 2833 novimus.
933 2781 966 2829 et
992 2768 1191 2851 -Pellerinius
1215 2766 1259 2850 b).
1293 2768 1496 2832 Oblirniatas
1519 2789 1614 2830 eram
1641 2768 1675 2829 ia
1776 2842 1784 2858 υ

143 2854 341 2953 ΕιςοῚὶιπι
364 2866 406 2936 Γ.
425 2868 664 2953 >intelligentius
681 2864 776 2944 Γαῖος
794 2869 876 2933 Cali-
933 2890 1004 2931 mea
1027 2872 1205 2946 sententia,
1232 2872 1317 2956 quod
1346 2870 1382 2931 in
1410 2872 1460 2931 his
1489 2870 1594 2931 nuruis
1622 2890 1677 2952 ap·

143 2973 217 3053 gula.
932 2970 1066 3053 pallatio
1091 2970 1283 3032 Germanici
1297 2970 1397 3046 desit,
1415 2988 1497 3053 quae
1517 2970 1550 3030 in
1568 2970 1674 3033 numia

193 3073 338 3137 Alterius
353 3070 447 3135 urbis
463 3072 609 3139 Graecae
623 3074 713 3137 numi
730 3093 794 3135 uon
810 3094 877 3137 me·
933 3070 1099 3153 Caligulae
1124 3090 1198 3133 cum
1223 3074 1390 3134 commatis
1410 3074 1450 3135 R.
1468 3070 1582 3133 saltem
1609 3071 1676 3155 pri·

143 3188 314 3251 monetur,
345 3164 498 3257 dempto,
527 3197 624 3260 quem
645 3196 742 3260 supra
761 3174 873 3252 citati,
932 3193 1058 3234 morum
1089 3192 1266 3249 annorum,
1297 3185 1364 3233 tum
1392 3171 1594 3235 coloniarum
1622 3172 1677 3235 ab·

140 3296 283 3340 ameum
301 3278 412 3361 eapite
427 3277 538 3343 Drusi.
638 3258 641 3264 ¹
932 3293 1004 3337 esse
1037 3273 1093 3337 vix
1126 3292 1267 3357 unquam
1298 3273 1392 3337 solet.
1436 3275 1675 3358 Argumentum
1732 3338 1736 3345 ,

385 3421 407 3459 ,
493 3377 513 3416 *
594 3426 616 3463 4
930 3376 1148 3458 Havercampi
1174 3376 1239 3437 ›hos
1267 3397 1382 3438 numos
1411 3376 1579 3460 Caligulae
1608 3376 1676 3440 vin·

197 3481 356 3543 Coloniae
374 3477 524 3541 Corinthi
544 3499 659 3556 numos
681 3498 754 3540 cnm
774 3480 874 3561 Anto·
930 3478 1082 3556 dicantis,
1106 3476 1192 3563 quod
1214 3490 1346 3559 praeter
1371 3476 1478 3541 vultus
1499 3468 1676 3543 lineamen-

140 3578 327 3664 aucupiis
345 3578 520 3643 habemus:
930 3592 982 3654 ta,
1020 3593 1056 3640 ut
1089 3578 1289 3661 praetendit,
1328 3578 1423 3640 etiam
1454 3596 1674 3662 praeponatur

267 3680 482 3747 ANTONIA.
506 3680 726 3748 AVGVSTA.
766 3680 874 3758 Hujus
930 3701 1131 3764 praenomen
1153 3677 1221 3763 Caji
1241 3681 1388 3762 Augusto
1407 3680 1573 3762 Caligulae
1599 3704 1673 3765 pru·

269 3800 383 3865 caput.
928 3782 1055 3865 priam,
1092 3783 1195 3843 minus
1229 3778 1359 3842 firmum
1395 3794 1445 3842 est
1479 3796 1670 3865 propterea,

141 3884 180 3943 ii.
197 3885 373 3949 nauto.
393 3883 617 3951 Pnocvao.
636 3884 752 3949 nvllt.
772 3882 872 3948 COR.
930 3883 1018 3968 quoti
1038 3884 1109 3967 ipse
1132 3886 1296 3965 Augustus
1323 3884 1358 3943 in
1386 3883 1490 3945 numia
1521 3898 1583 3945 tam
1607 3886 1688 3945 Ito:

138 3988 251 4067 duplet
273 3990 506 4068 curnucups'ue.
541 3986 705 4067 (Pellerin
730 3986 812 4052 Roc.
831 3987 871 4047 ll.
928 3985 1047 4058 manis,
1082 4006 1175 4066 quatu
1210 3986 1410 4047 coloniarum
1442 3984 1511 4066 Caji
1540 4005 1668 4070 quoque

138 4088 219 4169 pv.
239 4088 327 4151 Phil.
347 4088 471 4157 Venuti
497 4087 750 4174 duodennem.
773 4068 873 4170 expo·
928 4105 1127 4171 praenomen
1170 4101 1322 4169 usurpet3
1365 4086 1412 4148 sic
1434 4107 1533 4149 numo
1565 4088 1670 4171 gentis

138 4191 198 4271 sit.)
810 4244 814 4249 .
929 4188 1081 4252 Caniniae
1105 4188 1309 4251 inscribiturt
1342 4190 1379 4252 C.
1402 4190 1437 4253 C.
1461 4188 1668 4265 avas'rt,

194 4294 300 4355 Alius
323 4294 464 4369 similis,
489 4296 562 4355 sed.-
592 4293 631 4355 P.
652 4291 869 4359 VlPSANIO.
896 4334 902 4341 ·
929 4305 963 4354 et
992 4290 1080 4355 idem
1109 4290 1142 4351 in
1171 4312 1269 4353 numo
1291 4292 1562 4373 Caesaraugustae
1592 4288 1670 4352 dici·

138 4392 327 4456 summ.
346 4394 463 4459 llVIR.
485 4394 647 4477 (l'lteup.)
929 4406 1000 4455 tur:
1029 4393 1066 4457 C.
1087 4392 1271 4458 CAESAR.
1290 4392 1478 4460 AVGVST.
1502 4394 1531 4470 c)
1547 4390 1580 4451 in
1603 4412 1667 4475 spuo

192 4494 359 4573 ffinumi,
374 4511 411 4559 ut
425 4518 487 4580 per
502 4517 537 4560 se
555 4511 690 4580 propter
703 4495 871 4559 raritatem
925 4509 996 4557 tum
1020 4484 1264 4575 Havercampus
1289 4492 1378 4575 ipse,
1403 4504 1471 4554 tum
1494 4492 1668 4556 Floresius

140 4596 272 4681 insigues
292 4612 384 4677 sunt,
405 4600 452 4663 sic
471 4598 567 4663 etiam
584 4620 627 4663 eo
645 4598 872 4661 commendan-
928 4612 1024 4681 caput
1042 4596 1183 4681 Augusti
1205 4606 1394 4678 agnoscunt.
1423 4592 1529 4657 Aliter
1550 4596 1667 4659 sensis·

170 4808 197 4873 a]
215 4808 345 4867 lunum.
359 4806 452 4883 Calig.
525 4806 561 4879 t»)
581 4804 649 4862 net.
663 4806 685 4863 l.
699 4825 729 4881 p.
740 4807 802 4869 ¹162.
877 4806 909 4877 c)
930 4800 1090 4861 llorelliiu
1106 4812 1192 4877 geute
1212 4800 1350 4868 Ceuiaiu,
1369 4800 1483 4859 Floret.
