4267 5500
689 577 808 686 SEX.
839 579 1151 659 POMPEIVS.
1645 609 1691 676 35

138 767 308 827 numerus,
339 769 443 834 quem
471 769 594 834 augere
624 770 686 836 per
707 751 801 836 leges
822 773 888 817 uon
947 754 988 819 de
1011 775 1107 819 causa
1127 754 1275 838 Lepido,
1296 757 1359 820 etsi
1378 757 1519 843 imperio
1542 777 1618 824 eum
1639 779 1694 822 es·

135 847 245 928 licuit,
278 871 314 915 ac
336 852 481 937 proinde
510 874 600 916 mors
631 854 724 918 unius
754 875 888 940 exspec-
946 857 1067 936 uisset,
1088 857 1270 921 inexilium
1291 859 1464 942 ejecisset,
1493 875 1527 925 et
1542 861 1692 926 omnibus

134 953 243 1018 tanda
266 953 363 1046 Quod
381 975 466 1021 vero
483 957 621 1020 maxime
645 957 781 1041 probat,
811 979 887 1022 eum
946 959 1050 1023 modis
1068 975 1237 1040 vexasset,
1266 975 1373 1026 tamen
1387 964 1609 1047 pontificatum
1629 986 1694 1028 ma·

137 1069 330 1139 auguratum
365 1079 532 1144 nunquam
563 1073 794 1140 consecutum,
837 1076 888 1126 est
945 1063 1087 1140 simum,
1118 1062 1223 1148 quoad
1254 1063 1351 1142 visit,
1375 1067 1447 1128 'nou
1479 1067 1620 1145 ademit,
1647 1079 1695 1131 et·

134 1157 277 1221 alterum
309 1159 426 1224 Dionia
462 1149 702 1239 testimouium,
742 1184 807 1247 quo
838 1185 891 1228 re·
947 1164 1695 1254 s'i,ateum·suceiperet,auepiusapo1su10

132 1261 200 1323 fert
218 1261 267 1344 ¹),
297 1263 432 1327 Illviros
455 1262 537 1326 ortis
558 1264 679 1328 iterum
699 1265 742 1334 V.
766 1266 802 1330 C.
826 1290 889 1351 7¹7
946 1265 1196 1351 interpellatos,
1231 1268 1306 1353 quia
1334 1268 1389 1331 hic
1422 1290 1552 1354 quoque
1579 1290 1699 1354 perpe·

133 1363 230 1428 noris
251 1364 378 1428 irarum
405 1363 514 1430 causis
538 1365 618 1432 Sex.
642 1369 793 1451 Pompeio
816 1387 891 1430 con·
947 1381 1022 1434 tuus
1043 1367 1121 1447 fuit,
1153 1382 1189 1432 et
1209 1370 1333 1436 vitenti
1358 1369 1456 1434 adimi
1473 1391 1550 1434 non
1578 1372 1694 1456 potuit.

133 1469 305 1545 saletum,
330 1482 364 1531 et
380 1471 624 1548 sacerdotium,
651 1487 737 1549 ques
754 1472 787 1532 ci
810 1469 890 1532 DE·
948 1470 1000 1532 Ex
1027 1470 1148 1554 quibus
1174 1484 1209 1535 et
1228 1472 1442 1550 testimoniis,
1479 1486 1514 1536 et
1536 1474 1695 1558 exemplis

136 1566 361 1633 STINATA
372 1570 540 1651 suerunt,
565 1573 744 1649 ademisse,
768 1592 819 1634 ros
838 1593 891 1655 μυ
948 1586 1077 1638 eertum
1106 1573 1240 1658 utique,
1276 1575 1379 1638 Serto
1414 1577 1616 1660 nequaqnam
1642 1599 1697 1641 au·

134 1666 260 1752 Σεξςοι
284 1693 342 1748 της
359 1693 395 1732 rs
409 1673 566 1751 iteraretur
580 1670 657 1756 epa,
678 1695 729 1734 res
745 1695 802 1749 της
817 1669 891 1735 tra-
948 1688 1117 1759 gemtum,
1147 1676 1206 1738 sed
1226 1676 1297 1759 jus,
1330 1675 1418 1761 quod
1446 1677 1489 1740 ad
1517 1678 1612 1742 ilium
1633 1699 1695 1763 por

132 1794 241 1851 τηις,
258 1771 294 1846 ic
310 1771 345 1851 sis
364 1765 575 1849 estasim,
602 1772 744 1837 ἔπαυσαν.
777 1773 891 1837 Enim·
946 1775 1221 1857 nominationem,
1243 1792 1280 1841 et
1301 1792 1394 1862 pacta
1412 1777 1625 1845 obtinendum
1642 1781 1698 1844 isa·
1810 1847 1820 1857 ,

133 1895 217 1938 tero
236 1875 265 1938 si
284 1888 475 1957 auguratum
493 1876 556 1960 jam
579 1875 796 1960 suscepisset,
826 1898 889 1962 qua
946 1877 1034 1953 buit,
1053 1879 1153 1942 fuisse
1169 1881 1374 1965 abrogatum.

132 1976 314 2041 irratione
342 1977 437 2041 etiam
463 1978 505 2041 ab
530 1977 619 2041 iratis
645 1977 744 2042 adimi
766 1979 890 2062 potuis·
939 2031 940 2034 ,
1010 1981 1062 2042 Er
1090 1982 1141 2044 his
1162 2003 1257 2067 ergo,
1289 2001 1373 2067 quae
1400 1981 1521 2059 insius,
1548 2001 1586 2045 ae
1607 1982 1694 2045 forto

131 2093 202 2155 set,
238 2099 314 2141 cum
343 2078 560 2143 sacerdotium
589 2078 673 2142 iilud
705 2100 747 2144 aa
771 2094 888 2144 vetere
945 2101 1012 2144 non
1040 2082 1203 2147 inutiliter
1230 2083 1412 2168 disputavi,
1449 2084 1572 2169 liquet,
1602 2104 1697 2169 quam

133 2180 286 2246 instituto
317 2194 512 2264 perpetuum
545 2179 649 2244 fucrit
665 2179 723 2264 Ψ
763 2182 889 2245 Plinius
947 2181 1084 2248 diiiioile
1107 2185 1169 2264 sit,
1203 2185 1248 2248 do
1269 2200 1410 2271 utroquo
1432 2206 1567 2251 aversae
1588 2184 1694 2268 capite

131 2283 246 2363 junior
297 2295 490 2368 auguratum
522 2295 620 2348 vocat
664 2287 889 2348 sacerdotium
947 2286 1031 2350 certi
1052 2286 1371 2372 quid‘oonstituere,
1392 2308 1467 2350 cum
1488 2302 1616 2352 certum
1637 2287 1694 2363 sit,

132 2405 209 2446 cum
224 2389 375 2466 priscum
385 2399 419 2449 et
429 2387 634 2467 religiosum,
650 2396 722 2448 tum
735 2387 797 2449 isoc
811 2407 890 2467 quo·
945 2389 1098 2472 Pompeii
1117 2392 1165 2456 M.
1187 2389 1314 2452 liberos
1333 2410 1498 2474 nunquam
1520 2401 1696 2472 auguratus

130 2506 348 2566 quercetum
368 2487 472 2569 plane
495 2499 528 2548 et
545 2489 695 2569 insigne,
719 2491 809 2568 quod
823 2509 890 2551 non
946 2489 1108 2554 honorem
1131 2511 1204 2554 esse
1226 2505 1430 2556 consecutos.
1461 2492 1500 2553 Si
1519 2503 1616 2575 caput
1637 2512 1695 2554 nu·

132 2589 303 2650 adimitur
316 2589 452 2666 visenti,
466 2587 636 2652 etdiserte
646 2588 842 2653 Plutarchus
856 2591 888 2674 a)
945 2592 991 2654 mi
1030 2595 1190 2676 postremi
1211 2615 1253 2657 ex
1273 2594 1378 2658 latere
1400 2593 1532 2658 sinistro
1553 2593 1696 2677 positum

131 2709 301 2774 uunquam
329 2689 462 2774 auguri,
486 2688 548 2754 etsi
573 2710 774 2756 summorum
798 2690 889 2778 flagi·
946 2714 1026 2760 rere
1044 2708 1095 2758 est
1114 2697 1192 2763 Ser.
1206 2696 1376 2782 Pompeii,
1399 2707 1436 2758 ut
1453 2695 1616 2772 creditur,
1638 2694 1698 2756 mi·

131 2794 259 2856 tiorum
279 2805 470 2876 comperto,
485 2793 639 2878 abrogari
656 2795 888 2873 sacerdotium,
946 2818 1007 2860 nus
1028 2797 1144 2862 laboro
1171 2808 1307 2883 propter
1336 2798 1525 2863 adstitutum
1548 2811 1695 2881 guttum,
1757 2860 1761 2865 .

133 2896 301 2981 aliumque
330 2896 365 2956 in
389 2894 459 2978 ejus
494 2895 606 2959 locum
636 2895 710 2959 fieri
732 2910 890 2975 testatur,
948 2918 1046 2983 quem
1069 2920 1145 2964 esse
1165 2900 1323 2986 perinde,
1354 2908 1405 2976 Lac
1423 2900 1541 2965 lituum
1562 2919 1698 2981 augura·

135 2996 196 3060 etsi
227 2996 315 3061 istud
350 2996 517 3081 contingat
539 2998 672 3061 alterius
696 2998 819 3063 ordinis
842 3020 890 3062 ss·
946 3013 1005 3063 tus·
1026 3000 1175 3085 insigne,
1213 3001 1337 3066 docent
1363 3002 1452 3067 obvii
1477 2999 1621 3085 ¹quinarii
1649 3001 1728 3064 Μξ,
1837 3052 1840 3055 .

134 3094 341 3166 cerdotibns.
380 3098 466 3163 Sane
501 3100 529 3163 si
564 3100 664 3163 adimi
700 3120 798 3165 sacer
834 3100 889 3164 hic
948 3102 1094 3181 Antonii,
1115 3117 1150 3166 et
1167 3102 1295 3167 denarii
1311 3104 1352 3168 L.
1364 3104 1487 3165 Sullae.
1511 3088 1700 3165 Timasius

134 3203 344 3285 magistratus
379 3201 557 3285 potuisset,
594 3214 629 3265 et
656 3202 765 3287 reipsa
787 3202 890 3265 Sexto
948 3202 1014 3269 dici
1040 3218 1172 3289 potest,
1191 3224 1268 3269 eum
1289 3210 1499 3285 κροληπτικως
1523 3201 1698 3287 gloriatum

134 3320 205 3366 turn
235 3302 408 3387 ademptus
436 3301 571 3382 fuisset,
607 3323 677 3368 non
712 3304 891 3369 dubitasset
948 3306 1124 3390 dignitate,
1146 3326 1242 3391 quam
1259 3308 1393 3393 quidem
1413 3305 1558 3369 nondum
1576 3304 1699 3381 adivit,

133 3406 338 3471 Octavianus
366 3404 493 3489 aliquot
518 3419 594 3488 post
625 3406 717 3471 annis
748 3407 891 3470 eundem
949 3408 1008 3470 aed
1024 3428 1107 3493 quae
1123 3408 1564 3484 tamessibidestiuatafrit,
1580 3421 1705 3523 utpaa

135 3528 270 3592 quoque
292 3504 427 3570 auferre
447 3508 494 3569 Ε
516 3508 660 3572 Antonio
675 3530 803 3594 ,quem
824 3528 892 3574 uon
949 3508 1010 3572 sim
1036 3510 1222 3575 cononatus
1249 3511 1440 3608 designator
1464 3509 1642 3575 memorari
1665 3509 1699 3569 iu

131 3608 297 3675 dubitarit
324 3607 497 3672 consulatu
528 3607 717 3729 designato,
755 3630 792 3675 ac
813 3611 893 3675 seii·
949 3611 1057 3676 uumis
1074 3611 1234 3719 ridemus.
1295 3619 1299 3625 “

133 3734 201 3795 qua
229 3724 397 3799 potestate
425 3710 516 3775 omui
536 3712 667 3797 privare
683 3709 726 3799 d).
766 3712 893 3777 Eadem

774 4049 1059 4117 rasrrsrss.
1108 4100 1119 4139 ,.

341 4304 539 4434 Argentei'
727 4410 730 4417 Δ

342 4440 450 4504 Aenei
471 4440 550 4505 assis
570 4438 676 4521 iorma
713 4458 732 4487 '·
814 4472 827 4487 ·
909 4473 925 4490 ·
1008 4460 1055 4488 ··
1106 4472 1120 4489 ·
1200 4473 1215 4489 ·
1299 4472 1313 4491 ·
1425 4482 1433 4499 .

139 4750 267 4915 ‘Dahis
196 4748 508 4827 )...vat1t§⁵a
583 4751 619 4825 b)
637 4750 701 4813 Lir.
714 4751 747 4809 L.
763 4753 785 4813 Ι.
800 4770 826 4813 e.
838 4761 881 4819 18.
899 4751 1022 4833 Dionys.
1033 4750 1103 4810 1121.
1118 4752 1151 4813 L
1163 4752 1301 4814 itemst
1377 4754 1458 4824 c)1n
1473 4753 1593 4824 Quaest
1610 4752 1697 4859 Rom.

139 4841 432 4917 dmhmkts

208 4936 303 5019 (rot.
315 4935 391 5017 γι.)
804 4918 807 4923 ’
1425 4934 1453 4993 n
