4267 5500
427 602 499 684 298
520 678 526 696 „

427 764 501 818 rum
518 770 593 815 cnm
611 746 790 832 epigraphe
807 742 849 809 sit
867 740 1083 815 dedicatoria,
1104 739 1169 803 hoc

425 874 525 918 mmo
546 851 721 925 docemur,
746 871 764 911 a
788 847 823 910 S.
838 846 875 909 P.
896 843 937 935 Q.
954 845 995 907 lt.
1018 842 1169 926 elypeum
1196 890 1201 897 .

423 956 586 1029 votivum,
615 949 728 1035 quales
750 948 863 1031 plnres
885 946 919 1007 in
936 943 1078 1028 Augusti
1101 963 1169 1005 mo·

424 1069 501 1121 neta
517 1052 672 1129 vidimus,
697 1048 884 1119 alterutrius
907 1046 1096 1131 provinciae
1112 1065 1172 1107 no·

422 1136 510 1221 mine
529 1154 652 1217 Galbae
670 1150 814 1214 oblatum
834 1146 1098 1232 dedicatumque,

563 1256 695 1317 Amica
709 1255 851 1315 incerta.

424 1356 609 1421 ll'lBERIS.
629 1354 668 1419 P.
693 1354 739 1415 Μ.
758 1351 827 1411 Til.
846 1350 884 1411 Ρ.
903 1345 998 1411 (208.
1017 1348 1056 1409 ll.
1081 1347 1171 1411 ltce-
1199 1354 1205 1362 '

422 1461 516 1522 rinus
538 1457 634 1519 humi
653 1454 778 1517 redens.
814 1449 890 1517 AV.
925 1447 1042 1530 (Catal.
1065 1447 1170 1511 d’Eu·

420 1558 608 1727 mrliiicns
637 1649 691 1713 hic
712 1642 846 1735 ,Galbae
874 1669 992 1713 numus
1009 1651 1169 1735 ,est„qui

421 1759 493 1846 ejus
523 1754 725 1820 consulmum
752 1765 931 1829 memoret,
973 1763 1006 1813 et
1032 1752 1165 1834 quidem

284 1884 287 1890 ·
418 1861 578 1936 alterum,
618 1876 691 1917 nam
730 1853 869 1938 primum
899 1851 1041 1935 privatus
1072 1852 1166 1919 inivit

409 1974 506 2025 teste
525 1958 703 2032 Suetonio,
725 1956 865 2019 alterum
887 1954 956 2017 stat.
974 1956 1040 2019 lan.
1069 1954 1112 2029 V.
1128 1956 1164 2018 C.

420 2062 501 2139 dan,
546 2077 658 2123 caesus
687 2056 842 2121 continno
859 2068 947 2138 post
975 2054 1046 2118 dies
1074 2055 1165 2134 XV„

418 2162 504 2225 intra
520 2181 601 2246 quos
617 2158 701 2222 adeo
720 2157 918 2238 singularem
930 2158 1016 2219 hunc
1030 2177 1164 2221 numum

417 2262 513 2327 feriri
528 2260 674 2345 contigit.
698 2260 799 2325 Causa
817 2256 899 2319 illati
915 2258 1064 2321 Tiberini
1085 2260 1165 2323 milti

417 2365 541 2457 ignota.
561 2414 563 2423 ,

623 2661 959 2726 Aaronomt

439 2783 805 2857 commaculemini,
828 2781 939 2845 Galba
959 2785 1140 2864 imperante

639 2961 643 2968 .
715 2901 853 2984 sr'gumt‘.

477 3071 614 3132 Exstant
650 3069 741 3135 numi
770 3067 957 3152 complures
974 3101 975 3104 ¹
994 3068 1161 3132 commotio

415 3171 554 3233 Romani
581 3170 701 3256 absque
727 3171 933 3254 imperatoris
959 3170 1082 3253 capite,
1107 3169 1162 3236 rel

417 3271 647 3354 inscriptione,
675 3291 757 3356 quos
777 3283 952 3352 propterea
976 3291 1165 3355 καταχρηςι·

340 3409 353 3422 -
417 3381 495 3446 aare,
526 3385 723 3436 autonomon
746 3371 946 3453 compellare
968 3369 1081 3446 liceat,
1107 3371 1163 3456 qui

409 3469 571 3534 suadente
587 3485 675 3555 typo,
693 3484 727 3534 et
738 3470 920 3556 epigraphe
940 3472 1163 3554 Augustorum

404 3593 497 3638 ecto
528 3574 598 3635 sine
628 3571 728 3635 dubio
757 3573 874 3653 signati
905 3585 988 3635 eunt.
1032 3573 1161 3635 Horum

412 3693 481 3737 non
503 3693 622 3757 parcns
641 3675 706 3756 jam
735 3672 893 3756 descripsi
916 3671 952 3734 in¹
971 3675 1077 3737 numia
1096 3675 1161 3737 An·

415 3775 502 3858 gnati
532 3775 573 3837 ad
603 3795 703 3838 annos
736 3777 777 3840 V.
801 3776 836 3840 C.
858 3775 922 3858 734
953 3785 992 3856 et
1014 3785 1099 3856 7423
1127 3784 1160 3838 st

415 3889 490 3940 sunt
514 3876 610 3938 etiam
632 3875 781 3938 nonnulli
803 3875 944 3952 Galbae,
967 3888 1002 3938 et
1019 3875 1158 3954 Vitellii,

411 3992 510 4062 atque
524 3975 622 4040 etiam
641 3967 799 4054 aliorum,
825 3995 906 4061 quoa
920 3978 986 4040 suis
1003 3978 1158 4045 locisde·

327 4147 334 4152 ,
408 4078 606 4143 scribemus.
637 4076 678 4140 ul
701 4097 804 4160 genus
829 4096 945 4142 numm
961 4077 1064 4142 habes
1086 4078 1162 4142 affa-

409 4181 473 4246 tim
497 4178 584 4264 apud
607 4177 797 4242 Morelliam
819 4180 852 4240 in
872 4181 1005 4245 incertia
1025 4181 1161 4244 familia·

413 4297 507 4358 rum,
521 4282 607 4346 etin
623 4281 778 4366 Cataloge
800 4280 978 4365 d'Ennet'y'.
1017 4283 1068 4344 Ad
1086 4283 1161 4345 Gal·

414 4385 488 4448 batn
507 4382 677 4467 pertinent.
690 4396 878 4468 sequentes:
938 4449 941 4456 ,

554 4481 657 4548 BON.
673 4487 834 4552 EVENT.
868 4485 974 4565 Caput
989 4469 1156 4549 melichre.

417 4581 558 4649 ROMA.
584 4585 824 4651 RENASCES.
869 4587 975 4650 Roma
993 4589 1159 4670 paludatas

413 4696 511 4746 statas
526 4687 561 4754 d.
586 4690 819 4776 Victoriolam,
848 4713 874 4752 s.
898 4691 1041 4752 laertem.
1072 4691 1156 4764 stt.

416 4786 516 4862 issiu·
529 4785 619 4850 0¹⁰⁸·
639 4793 772 4856 Morelli
795 4795 910 4858 incert.
926 4791 1002 4856 iam.
1019 4789 1083 4853 tub.
1093 4793 1134 4872 1.)

1542 464 1560 507 t

1099 570 1304 645 GALBA.

1295 720 1304 741 ’
1366 734 1493 799 Eadem
1513 737 1661 803 adversa.

1228 838 1298 904 OB.
1308 836 1430 905 CIVIS.
1444 838 1689 907 SERVATOS.
1712 840 1979 908 cornacervina.

1228 940 1298 1001 aa.
1319 939 1503 1019 (norant.
1515 945 1563 1022 ο.)
1919 926 1924 931 ’

1291 1038 1416 1104 Omnes
1435 1028 1497 1105 isse
1516 1041 1746 1125 irrumptiones
1765 1056 1801 1107 et
1822 1044 1893 1127 typi
1917 1045 1979 1108 οὔ·

1227 1140 1273 1208 vii
1287 1156 1363 1205 sunt
1375 1142 1408 1203 in
1417 1142 1540 1207 Galbae
1559 1157 1699 1209 moneta.
1720 1145 1860 1211 Febrics
1871 1146 1974 1211 etiam

1226 1242 1314 1307 istud
1330 1244 1404 1308 aevi
1421 1245 1515 1327 sapit.
1595 1232 1600 1239 ’

1367 1345 1597 1407 LIBERTAS.
1616 1347 1885 1418 ltttsrlrvrs.
1912 1351 1975 1413 ea·

1364 1449 1604 1530 put'muliebre
1624 1450 1786 1526 celatum,
1814 1452 1862 1513 nd
1881 1453 1990 1530 cujus.

1364 1560 1483 1629 pectus
1498 1551 1601 1630 spica.
1815 1530 1820 1540 ¹

1225 1646 1496 1714 collocante.
1518 1649 1647 1733 Mulier
1659 1652 1778 1714 sedens
1791 1655 1823 1715 d.
1838 1658 1974 1735 signum

1223 1752 1383 1826 militare,
1399 1770 1497 1839 super
1509 1768 1574 1829 qno
1585 1770 1717 1833 porcus,
1733 1774 1759 1814 s.
1776 1756 1972 1821 comeum.

1221 1852 1538 1934 camaenas-,a
2000 1838 2004 1843 ’

1364 1953 1488 2014 Eadem
1511 1954 1661 2039 aduersu.
1689 2033 1694 2041 ¹

1221 2054 1354 2138 MARS.
1372 2051 1538 2121 VLTOR.
1561 2057 1659 2117 Mars
1665 2056 1852 2137 paludatus
1864 2072 1967 2137 stans,

1221 2158 1252 2218 d.
1264 2158 1395 2233 signum
1406 2158 1562 2232 militaro,
1579 2178 1607 2221 s.
1618 2158 1780 2238 cly‘peum.
1803 2161 1874 2223 att.
1885 2164 1970 2241 (dle-

1223 2256 1301 2319 relli
1314 2256 1432 2322 incert.
1446 2258 1526 2322 iam:
1543 2256 1608 2338 tals.¹
1618 2258 1675 2340 ll.)

1363 2359 1490 2421 Eadem
1507 2362 1658 2424 adversa.

1220 2458 1352 2521 MARS.
1372 2459 1625 2523 ADSERTOR.
1667 2458 1767 2522 Mars
1782 2460 1970 2541 paludatus

1218 2572 1315 2622 stans
1330 2562 1552 2642 caeparum,
1570 2584 1596 2623 s.
1607 2562 1770 2646 elypeum.
1792 2562 1865 2627 All.
1884 2565 1971 2647 (Ho-

1220 2660 1298 2723 rolli
1309 2661 1334 2725 l.
1346 2680 1377 2727 c.
1391 2659 1457 2726 tab.
1468 2661 1540 2743 tv.)
1733 2674 1739 2679 '

1359 2763 1484 2824 Eadem
1507 2765 1657 2830 aduersu.

1219 2864 1255 2927 S.
1265 2863 1311 2938 Ρ.
1330 2860 1372 2956 Q.
1382 2864 1426 2928 Β.
1440 2865 1637 2945 inscriptum
1645 2863 1771 2946 clypeo,
1789 2884 1887 2944 quem
1897 2886 1983 2948 amg

1217 2967 1268 3034 bit
1282 2985 1409 3041 corona
1427 2984 1561 3043 querna.
1584 2965 1656 3031 AV·
1678 2964 1831 3045 (Morelti
1844 2964 1870 3031 l.
1885 2969 1933 3048 c.)

1337 3065 1586 3134 HERCVLES.
1615 3063 1870 3131 ADSERTOR.
1908 3067 1969 3129 Ca·

1337 3183 1400 3249 put
1410 3167 1566 3230 Herculis
1580 3153 1769 3228 laureatum
1777 3167 1967 3233 barbarum.

1218 3268 1471 3333 FLORENTE.
1486 3264 1711 3337 FORTVNA.
1727 3267 1765 3331 P.
1775 3268 1817 3343 lt.
1837 3269 1969 3332 Mulier

1218 3385 1315 3434 stans
1336 3374 1368 3436 d.
1393 3389 1539 3444 ramum,
1565 3392 1591 3430 s.
1616 3372 1848 3459 cennacopiae.
1894 3372 1966 3437 All.

1213 3471 1367 3554 (Bimaed
1385 3470 1426 3534 ad
1445 3471 1567 3535 lobert.
1588 3471 1628 3535 Τ.
1639 3473 1663 3532 1.
1679 3486 1712 3553 p.
1723 3471 1820 3554 uoq.)

1281 3574 1333 3635 Ex
1349 3585 1477 3656 septem
1495 3572 1549 3635 hic
1574 3570 1747 3654 descriptis
1760 3559 1878 3636 'nemis
1900 3586 1968 3636 ter·

1215 3672 1281 3736 tius
1300 3694 1342 3736 ex
1359 3694 1472 3738 museo
1490 3673 1674 3751 Caesareo,
1696 3693 1769 3737 cnm
1790 3673 1880 3758 quod
1899 3674 1968 3738 for·

1216 3788 1250 3836 te
1266 3776 1380 3838 unicus
1400 3788 1467 3850 est,
1491 3787 1560 3836 tum
1576 3789 1713 3859 propter
1732 3791 1965 3859 argumentum

1212 3875 1378 3939 illustrem
1394 3877 1506 3940 locum
1526 3889 1626 3939 tenet.
1669 3875 1749 3959 Ejus
1770 3900 1847 3961 pars
1872 3899 1968 3942 erer-

1215 3980 1493 4041 sa.Canccrdicm
1515 3975 1682 4056 enunciat,
1710 3977 1803 4062 cujus
1829 3999 1962 4063 quoque

1218 4079 1401 4160 symbolum
1431 4091 1482 4144 est
1509 4078 1687 4154 cadurcus,
1721 4099 1818 4164 quem
1842 4081 1964 4144 mulier

1217 4193 1441 4254 manutenet.
1482 4181 1622 4243 Indicari
1645 4200 1726 4243 vero
1752 4182 1961 4247 concordiam

1217 4282 1319 4368 ipsius
1334 4283 1528 4365 Hispaniae,
1543 4297 1640 4367 atque
1655 4296 1691 4345 ut
1703 4284 1886 4350 verisimile
1901 4299 1963 4358 est,

1217 4385 1357 4448 militum
1386 4404 1428 4446 ex
1449 4383 1602 4470 Hispania
1634 4383 1897 4468 conscriptorum
1928 4388 1963 4446 in

1215 4484 1400 4549 deserendo
1429 4485 1551 4548 Galbae
1576 4484 1776 4569 principatu,
1803 4487 1961 4552 invictum

1215 4599 1442 4671 argumentum
1472 4587 1610 4669 praebet
1643 4587 1773 4672 signum
1800 4589 1962 4664 militare,

1215 4689 1268 4751 cui
1280 4709 1423 4772 superne
1439 4709 1560 4772 porcus
1575 4688 1732 4754 imminet.
1769 4687 1857 4752 Esse
1873 4687 1960 4752 istud

1215 4791 1332 4855 animal
1359 4792 1486 4876 insigne
1516 4791 1708 4876 Hispaniae,
1738 4793 1966 4876 ¹comprobant
