4267 5500
429 595 501 664 510

428 757 624 818 strumenta,
662 741 746 826 quae
767 715 909 823 utroquo
935 721 1044 802 manu¹
1058 750 1174 823 gestat,

427 863 499 914 tuto
522 843 652 909 deliniri
669 841 792 927 nequit.
847 841 951 926 Magis
973 839 1099 904 laborat
1118 862 1174 904 ex·

428 947 561 1037 plicatio
590 945 782 1020 Vaillantii,
825 943 906 1028 qui,
949 943 1037 1028 quod
1068 943 1173 1027 ligura

427 1055 515 1116 stans
538 1049 570 1114 d.
589 1061 700 1125 tenet,
739 1045 869 1110 antliam
893 1043 990 1123 dicit,
1011 1039 1092 1132 ‘qua
1108 1045 1174 1106 Ha·
1205 1115 1214 1124 ⁸

428 1151 561 1215 drianus
576 1148 683 1213 lacum
694 1148 854 1212 Fucinum
878 1145 1063 1212 exsiccavit.
1095 1144 1173 1209 Om-

427 1251 482 1316 nia
509 1251 543 1313 in
565 1253 628 1315 hoe
650 1250 771 1335 jndicio
793 1261 1014 1333 praepostera.
1066 1245 1176 1338 Quae-

426 1355 513 1418 ritur
528 1353 688 1436 primum,
721 1365 829 1414 utrum
845 1349 933 1412 lacus
957 1361 1063 1412 tantae
1082 1368 1175 1432 capa·

428 1454 557 1532 citatis,
593 1467 628 1518 et
655 1474 727 1536 per¹
745 1472 899 1536 aquarum
926 1451 1048 1512 molem
1074 1469 1173 1534 saepe

426 1555 542 1622 ricinis
564 1555 736 1618 damnosus
762 1552 882 1616 adactis
903 1549 1012 1615 antliis
1029 1551 1174 1638 potuerit

427 1656 560 1742 ogerii·
593 1654 722 1718 Deinde
749 1671 823 1716 curu
852 1651 1040 1738 Spartianus
1071 1651 1173 1716 dicata

427 1761 591 1824 Fucinum
616 1751 726 1820 lucum
757 1757 895 1832 emisit,
931 1753 1007 1818 satia
1029 1764 1174 1839 apparet,

426 1858 633 1922 Hadrianum
662 1853 780 1920 eodem
803 1855 901 1919 mo'do
932 1876 1013 1938 opus
1042 1875 1176 1939 aggres-

429 1983 520 2038 sum,
549 1980 616 2045 quo
638 1957 716 2021 olim
739 1958 925 2034 Claudium,
956 1956 1011 2042 qui
1032 1955 1175 2020 eundem

427 2064 534 2128 lacum
557 2059 678 2126 effosso
706 2073 842 2148 monte,
884 2072 919 2122 et
946 2059 1044 2122 ducto
1070 2058 1175 2123 canali

427 2167 559 2242 emisit,
583 2175 619 2226 ut
640 2162 683 2226 ait
703 2161 876 2227 Suetonius
894 2172 932 2237 ¹).
960 2159 1034 2244 Ope
1056 2159 1174 2222 antliae

428 2286 528 2350 squas
548 2285 614 2327 non
631 2265 825 2341 emittimus,
848 2261 907 2325 sed
926 2261 1117 2339 haurimus,
1131 2275 1172 2324 at·

428 2367 592 2442 tollimus,
624 2367 779 2449 sugimus.
825 2363 977 2448 Denique
999 2363 1083 2427 hanc
1104 2364 1175 2446 ejus

430 2467 624 2530 sententiam
654 2479 806 2532 evertunt
835 2466 924 2528 numi
962 2464 1174 2546 posteriores,

430 2567 487 2650 qui
509 2565 642 2650 globum
665 2567 840 2644 exhibent,
879 2585 945 2650 quo
965 2583 1063 2627 nemo
1085 2562 1176 2625 dnbi-

428 2667 511 2751 tabit
530 2665 668 2729 indicari
689 2668 860 2748 tellurem,
892 2664 1089 2730 seu'orbem
1111 2679 1205 2730 ter·.

429 2790 565 2847 rarum,
602 2789 669 2831 non
695 2788 775 2833 vero
798 2769 950 2854 exiguam
968 2782 1079 2831 terrae
1101 2787 1178 2851 por·

428 2872 554 2937 tionem
585 2868 701 2955 egestu
730 2870 820 2936 lacus
858 2870 1078 2955 agriculturae
1106 2867 1177 2931 ido·

1005 515 1420 646 naamanin·

1224 739 1357 802 ⁴Inonem
1380 715 1481 799 bo‘stu
1504 725 1666 840 comedit,
1687 737 1865 834 mnas.
1886 737 1974 804 mod.

1230 843 1332 922 (Mus.
1345 839 1497 920 Parnes.)
1537 863 1540 868 ·

1271 940 1472 1012 Hadrianum
1495 949 1630 1004 renatus
1651 938 1754 1005 fuisse
1779 939 1974 1004 studiosissi-

1229 1063 1337 1119 mum,
1365 1041 1399 1102 in
1423 1041 1493 1124 ejus
1509 1043 1594 1108 ritae
1610 1043 1806 1127 compendio
1822 1041 1973 1107 diximus.

1229 1145 1282 1206 Ea·
1299 1156 1408 1207 autem
1429 1142 1490 1206 luit
1510 1165 1577 1228 per
1594 1128 1750 1225 miricam,
1790 1165 1829 1208 ae
1852 1143 1975 1206 diutur-

1228 1267 1307 1308 num
1337 1265 1431 1307 usum
1459 1245 1674 1332 dexteritate,
1717 1259 1754 1309 ut
1773 1268 1890 1331 aprum
1913 1267 1976 1308 ms·

1229 1346 1351 1409 simum
1373 1367 1438 1409 ano
1466 1347 1533 1410 ietu
1560 1346 1748 1413 conficeret.
1801 1351 1838 1410 In
1862 1348 1975 1432 Mysia,

1230 1449 1299 1512 sive
1318 1448 1487 1530 Bithynia,
1509 1469 1573 1533 qno
1592 1449 1833 1513 lacuselloiter
1853 1463 1904 1512 est
1924 1470 1977 1512 ae·

1230 1565 1348 1626 natus,
1377 1563 1411 1612 ct
1431 1571 1539 1612 ursam
1561 1551 1708 1629 occidit,
1735 1551 1892 1637 oppidum
1913 1554 1977 1613 Ha·

1232 1649 1468 1727 drianothera's,
1483 1651 1651 1716 Hadriani
1664 1658 1891 1731 renationem,
1902 1675 1978 1718 con·

1232 1753 1325 1820 didit.
1362 1753 1491 1838 Equos,
1529 1754 1583 1815 oui
1608 1753 1643 1815 in
1671 1769 1848 1838 praesente
1877 1776 1976 1818 numo

1232 1843 1370 1933 insidet,
1391 1853 1480 1917 forte
1503 1867 1554 1944 eat
1576 1855 1696 1919 nobilis
1718 1857 1777 1918 ille
1799 1857 1978 1938 Borysthe-

1231 1979 1308 2035 nes,
1347 1977 1413 2042 quo
1441 1955 1476 2017 in
1508 1956 1734 2021 venationibus
1765 1957 1814 2020 uti
1839 1957 1975 2035 solebat,

1231 2060 1349 2145 cuique
1375 2071 1766 2122 mortuo‘monumentum
1784 2058 1976 2135 aedificavit,

1231 2161 1403 2246 erexitque
1419 2160 1556 2244 cippum
1581 2160 1652 2245 ejus
1673 2162 1789 2223 laudea
1818 2161 1977 2245 epigram·

1230 2277 1316 2328 mate
1337 2256 1559 2346 eloquentem.
1619 2261 1718 2354 Quod
1741 2263 1976 2348 veropropius

1231 2366 1275 2430 ad·
1288 2363 1379 2428 numi
1395 2363 1576 2448 praesentis
1596 2377 1708 2448 typum
1730 2364 1896 2448 pertinet,
1919 2379 1976 2442 est,

1233 2469 1321 2553 quod
1335 2469 1468 2531 leonem
1484 2487 1652 2530 manneus
1673 2465 1826 2531 streiisse
1843 2466 1976 2530 feratur.

1232 2571 1323 2632 Inter
1338 2567 1524 2652 perIcnlosa
1540 2565 1623 2631 baec
1639 2566 1743 2630 studia
1757 2566 1923 2651 jugulum,
1944 2581 1979 2630 et

1233 2692 1347 2735 coxam
1368 2670 1485 2755 fregit,
1525 2681 1562 2733 ut
1585 2668 1736 2733 nonnihil
1764 2689 1864 2738 crure
1894 2669 1978 2731 elau·

1233 2774 1370 2840 dicaret.
1414 2774 1506 2835 Haec
1542 2771 1752 2855 Spartianus,
1796 2785 1831 2834 et
1852 2772 1918 2835 Dio
1932 2770 1976 2856 ι’).

1231 2879 1349 2940 Narrat
1372 2876 1469 2939 etiam
1491 2874 1679 2937 Athenaeus
1694 2874 1745 2955 c),
1778 2872 1978 2937 Hadrianum

429 2993 530 3037 neam
548 2972 719 3039 redditam.
764 2972 871 3035 Simili
892 2972 1120 3063 inscriptione,
1142 2982 1178 3034 et
1231 2977 1266 3040 in
1295 2977 1399 3058 Libya
1429 2976 1649 3040 Alexandriae
1684 2975 1790 3039 vicina
1828 2989 1977 3040 renatum

430 3090 508 3158 typo
539 3082 674 3136 numum
705 3072 794 3136 cudit
823 3073 1021 3137 Commodus
1048 3072 1090 3137 ad
1121 3093 1177 3135 an·
1232 3077 1406 3154 immanem
1427 3076 1561 3140 leonem
1587 3079 1762 3154 Maurum,
1799 3078 1892 3161 eujus
1912 3100 1979 3142 rne-

429 3198 508 3239 num
530 3176 571 3242 V.
591 3176 628 3238 C.
644 3184 719 3255 oio.
762 3176 813 3236 An
835 3195 917 3239 tero
941 3188 974 3238 at
995 3173 1048 3238 hic
1069 3174 1176 3237 lacum
1234 3193 1269 3245 tu
1285 3192 1353 3243 tota
1367 3178 1483 3244 vicinia
1501 3178 1608 3263 solum
1623 3180 1749 3255 vertit,
1784 3179 1974 3244 confecisse.

430 3276 591 3341 Fucinum
611 3275 742 3338 emisit?
764 3274 1097 3340 Animadvertendum
1119 3275 1178 3337 eti·
1259 3286 1262 3291 ’
1379 3284 1425 3343 Vt
1438 3283 1492 3345 lit,
1507 3280 1547 3342 H;

430 3399 500 3454 am,
530 3396 603 3439 cum
625 3376 659 3437 in
680 3396 780 3437 numo
802 3378 949 3440 Domnae
972 3377 1013 3442 ad
1034 3376 1174 3440 similem
1230 3383 1433 3453 VENERIS.
1455 3381 1639 3447 FELICIS.
1681 3384 1797 3445 Venus
1812 3385 1929 3448 sedens
1948 3386 1979 3447 d.

428 3494 573 3564 typum,
611 3478 745 3563 qualem·
771 3477 928 3540 exhibent
952 3478 1042 3541 numi
1068 3492 1176 3562 poste·
1235 3484 1473 3563 Victoriolum,
1503 3506 1530 3547 s.
1549 3482 1695 3549 bustum.
1711 3484 1865 3553 amm
1881 3487 1978 3559 (nas.

430 3582 559 3657 riores,
579 3599 699 3663 nempe
721 3580 894 3643 mulierem
917 3580 1088 3643 sedentem
1107 3582 1178 3664 jux·
1234 3588 1346 3669 caea.)

431 3696 466 3747 ta
490 3682 643 3767 globum,
666 3701 762 3767 quem
784 3680 888 3765 puelli
910 3680 1050 3761 obeunt,
1076 3683 1178 3766 scrip-

433 3800 503 3849 tum
525 3784 673 3869 legatur:
712 3782 1012 3860 FECVNDITAS,
1043 3784 1181 3868 inscrip-
1236 3787 1775 3857 vttBS.R0stA.nETE1tNA.
1812 3789 1919 3855 Romo
1933 3812 1983 3852 se·

432 3887 524 3951 tione
539 3905 717 3949 numorum
727 3883 946 3967 praesentium
963 3886 1099 3951 telluris
1112 3898 1180 3949 stu·
1234 3876 1316 3955 dens
1333 3894 1372 3955 r'n
1391 3890 1511 3975 templo
1534 3908 1597 3954 set
1614 3890 1847 3953 columnarum
1861 3894 1894 3955 d.
1909 3892 1984 3974 glo·

433 3992 554 4053 bilitas
572 3985 708 4050 iudicari
730 4004 828 4068 posse
851 3986 1004 4051 tellurem
1025 4008 1179 4071 procura·
1235 3990 1982 4077 dums.bostem.AE.mau.mod.('1'heupoli).

433 4105 466 4155 ta
483 4089 664 4153 liberorum
682 4084 929 4171 procreatione,
950 4088 1100 4174 principe
1113 4111 1184 4153 nsa-
1277 4092 1463 4178 Vtrumque
1479 4114 1614 4155 numum
1632 4093 1809 4177 conjungo.
1846 4092 1984 4158 Hadria·

434 4190 596 4257 telmoniia
621 4189 772 4263 favente,
808 4200 843 4251 et
866 4190 1096 4254 alimentorum
1117 4211 1180 4276 ope
1236 4215 1316 4257 num
1329 4194 1475 4273 Veneri,
1489 4208 1538 4258 et
1552 4196 1678 4259 Romae
1693 4192 1882 4259 aedificasse
1899 4209 1984 4261 tem·

416 4292 595 4387 ‘juventuti
610 4290 847 4355 destinatorum
863 4290 1062 4355 stabilitum.
1236 4297 1344 4379 plum,
1386 4318 1461 4362 oum
1486 4316 1529 4359 ex
1549 4296 1639 4376 aliis,
1680 4309 1752 4359 tum
1776 4296 1887 4362 Dione
1905 4318 1984 4362 con·

578 4396 626 4457 Vt
643 4394 698 4459 lit.
713 4394 758 4456 D.
1186 4425 1192 4436 ·
1238 4411 1301 4462 stat
1315 4396 1357 4483 d).
1394 4398 1512 4475 Addit,
1534 4419 1609 4461 enm
1634 4399 1741 4484 ipsum
1760 4397 1862 4463 luisse
1885 4399 1983 4483 hujus

434 4492 856 4563 vmrvr1.Avasrt.
885 4492 1071 4589 Imperator
1085 4514 1184 4577 eques
1237 4498 1329 4563 aedis
1370 4500 1609 4577 architectum,
1659 4501 1869 4587 occisumque
1909 4503 1983 4586 ejus

1391 3686 1558 3753 VelinH.

435 4690 805 4867 ⁵annullatam.n
900 4706 935 4779 n>
955 4706 988 4767 n.
1008 4706 1110 4771 ama.
1128 4712 1208 4783 §.aa
1317 4676 1400 4783 aaa.
1419 4709 1482 4771 xv.
1502 4678 1532 4789 13.
1552 4717 1662 4777 man.
1773 4712 1809 4789 a)
1828 4712 1982 4775 amn
2114 4715 2116 4732 ’

452 4803 507 4857 ab
1617 4825 1620 4829 “
