4267 5500
748 573 1114 704 HADRIANVQ.
1636 604 1710 689 [ηρ

153 749 265 835 coepit
281 745 369 814 eires
384 741 554 812 dimidium
571 746 711 834 Augusti
729 743 824 830 bujus
847 767 901 813 su·
1093 751 1136 814 A
1146 748 1207 814 m
1210 749 1256 815 M
1261 753 1344 818 AD
1355 755 1466 822 VEB
1478 755 1534 824 o!
1542 761 1575 824 0

153 853 207 930 ni,
239 851 324 918 certi
344 849 479 934 insuper
502 847 691 926 reddimur,
719 867 791 912 eam
820 849 902 914 libs·

151 953 317 1018 rulitatcm
345 952 423 1016 iude
449 971 551 1037 usque
582 950 626 1014 sd
649 949 818 1036 'proximas
840 950 902 1016 lle·

152 1054 269 1122 tendas
286 1054 448 1120 lanuarias
463 1053 661 1133 exercitam,
685 1053 802 1140 quibus
825 1072 902 1117 con·

152 1157 292 1222 sulatum
318 1159 373 1219 111.
395 1153 580 1220 Hadrianus
603 1153 706 1224 inivit.
744 1156 899 1240 Ceterum
996 1151 1191 1237 Labyrinthi
1218 1155 1467 1244 inexplicabiles
1493 1175 1620 1229 meatus
1654 1169 1701 1230 ia·

151 1259 210 1344 qni
237 1261 291 1324 alii
322 1261 552 1343 imperatores*
565 1255 762 1342 superioris,
793 1270 827 1321 et
853 1257 900 1320 in·
956 1254 1143 1339 gredimur,
1174 1257 1353 1344 reliquam,
1383 1282 1521 1349 eamque
1548 1287 1702 1335 numero·

149 1361 285 1426 iet-ioris
314 1361 429 1426 setttis
452 1360 554 1423 simili
580 1357 743 1424 beneficio
773 1359 910 1442 clarne·¹
955 1378 1024 1428 sam
1044 1357 1203 1421 Hadriani
1224 1377 1386 1426 monetam
1407 1364 1585 1434 lustraturi.
1617 1371 1701 1436 Nam

149 1465 235 1542 rint,
269 1475 304 1526 et
334 1481 416 1548 quse
447 1461 510 1526 alia
537 1460 579 1526 ad
605 1462 689 1526 hane
716 1459 819 1524 debiti
845 1481 898 1527 re·
954 1458 1043 1543 quod
1067 1460 1226 1543 proximis
1247 1462 1401 1528 llalendis
1423 1467 1580 1531 Ianuariis
1603 1471 1643 1538 V.
1661 1477 1700 1538 C.

147 1563 338 1629 missionem
360 1563 544 1650 pertinent,
574 1575 608 1628 et
635 1583 731 1648 mum
756 1561 897 1626 difficul·
951 1561 1014 1643 872
1033 1562 1237 1626 consulatum
1254 1566 1310 1629 Ill.
1328 1565 1496 1650 ingressus
1515 1589 1592 1632 cum
1610 1572 1701 1637 dein·

147 1679 249 1730 tatem
282 1663 424 1730 offerant
451 1664 553 1731 verba
581 1663 697 1728 Diouis
728 1663 896 1729 sexdecim
952 1681 1031 1746 ceps
1050 1663 1273 1748 magistratum
1290 1685 1501 1751 peromnem
1515 1671 1614 1735 vitam
1631 1695 1700 1739 non

147 1789 309 1834 sucorum
329 1781 460 1852 tempus
482 1763 685 1842 definientis,
710 1787 753 1829 ne
776 1765 810 1826 in
831 1766 896 1830 boc
951 1763 1090 1848 amplius
1114 1766 1275 1850 suscepit,
1307 1787 1349 1832 eo
1372 1769 1504 1854 quidem
1526 1774 1699 1858 repudiato

145 1889 223 1932 meo
284 1869 430 1932 instituto
490 1867 622 1952 longior
681 1867 760 1942 sim,
818 1866 895 1932 vide
951 1865 1080 1930 bonore
1103 1864 1297 1930 modestiam
1323 1890 1415 1932 suam
1442 1873 1609 1954 probavit,
1641 1885 1698 1963 qui

144 1969 233 2052 apud
277 1969 511 2055 spanhemium
543 1979 587 2048 ¹),
635 1981 669 2032 et
712 1967 893 2038 Tillemen·
949 1967 1126 2034 immodice
1151 1969 1311 2054 repetitur
1333 1971 1368 2034 iu
1388 1973 1576 2039 Domitiano
1604 1997 1697 2042 atro·

144 2073 226 2136 tium
244 2069 288 2154 b).
949 2069 1079 2152 gantiae
1107 2071 1236 2156 signum
1265 2072 1344 2152 suit,
1380 2085 1413 2137 at
1445 2074 1602 2141 scientiae
1637 2101 1697 2143 no·

947 2183 1053 2247 strae,
1090 2185 1126 2236 et
1153 2187 1340 2257 temporum
1370 2176 1550 2261 cognitioni
1579 2201 1695 2263 parum

187 2278 299 2361 'l‘ypus
328 2275 363 2338 in
393 2273 444 2337 luis
471 2273 579 2337 cumis
606 2272 740 2338 modum
766 2273 889 2357 ipsum,
944 2273 1120 2337 consuluit.
1154 2275 1200 2340 Et
1219 2275 1376 2341 ferendus
1399 2291 1488 2343 esset
1508 2279 1563 2345 hie
1585 2281 1696 2349 defee-

143 2399 209 2462 quo
237 2377 392 2442 abolitum
419 2389 470 2440 est
494 2376 566 2440 iisci
587 2375 751 2452 debitum,
782 2375 890 2458 expri·
945 2385 1014 2452 tus,
1053 2375 1082 2437 si
1110 2377 1209 2441 modo
1239 2380 1426 2443 monetariis
1454 2381 1591 2446 iteratae
1617 2387 1694 2451 trib.

143 2481 213 2544 mit.
255 2479 384 2545 Eodem
412 2479 567 2563 exemplo
594 2479 658 2562 jam
687 2476 765 2543 olim
794 2477 890 2560 Spar·
945 2478 1116 2562 poteatatis
1152 2500 1340 2546 numerum,
1363 2481 1488 2546 addere
1525 2483 1694 2564 libuisset,

143 2583 209 2645 tani
239 2603 282 2644 re
317 2601 398 2662 aare
428 2601 486 2642 rer
521 2599 665 2664 χρεωςων
688 2599 891 2665 perlegerem
947 2577 1035 2662 quod
1067 2581 1265 2668 plerumque
1293 2583 1328 2646 in
1354 2585 1494 2650 aliorum
1519 2584 1695 2670 imperato·

143 2699 421 2771 unrtsrmttyxmrer
439 2679 484 2757 εἰς
502 2678 634 2768 ἄγορον,
662 2676 814 2759 deborra
838 2700 890 2738 aa·
946 2701 1019 2742 rum
1047 2682 1154 2745 numia
1183 2685 1315 2750 iactum.
1355 2687 1400 2750 At
1428 2687 1516 2751 euim
1544 2688 1693 2773 ignotum

140 2792 305 2863 denegato
318 2784 588 2857 auertentem,
602 2778 699 2857 ierit,
716 2778 889 2871 ἐνεπρησᾳν,
946 2780 1008 2845 init
1041 2797 1208 2850 anteactae
1246 2789 1361 2863 aetati,
1405 2809 1479 2851 eam
1518 2789 1692 2873 aliquando

138 2900 317 2971 congestas
345 2890 381 2949 in
399 2886 518 2971 serum
542 2885 726 2948 debitorum
751 2900 892 2963 syngra-
944 2882 1017 2948 lore
1035 2884 1192 2951 historiae
1211 2897 1354 2965 sortem,
1374 2900 1411 2950 ut
1432 2890 1473 2952 sb
1493 2892 1600 2953 numis
1621 2914 1692 2957 mu·

134 2988 240 3073 pirus,
258 3006 340 3068 quos
356 2986 466 3049 cleric
483 2984 667 3069 appellunt,
687 3003 799 3046 omues
814 2998 889 3043 ece·
944 2986 1027 3047 teari
1055 2986 1165 3051 luc'em
1193 3002 1380 3071 cogeretur.
1414 2992 1506 3077 Ergo
1528 3013 1602 3056 cum
1623 2996 1688 3059 lla·

139 3102 294 3153 cervulus
319 3098 609 3153 concremauerunt
629 3088 672 3168 e),
709 3087 810 3148 Teste
833 3082 889 3145 Li·
932 3084 1074 3151 'drienns
1108 3102 1272 3173 perpetuo
1303 3090 1459 3176 deinceps
1491 3094 1689 3159 inscribatur·

137 3194 194 3255 vio
211 3189 245 3273 d)
259 3190 398 3275 reperti,
416 3208 490 3252 cum
509 3208 588 3272 ager
602 3186 790 3262 lederetur,
808 3184 885 3248 libri
943 3187 1037 3256 COS.
1061 3192 1134 3270 111„
1161 3191 1245 3255 absit
1271 3212 1427 3256 numerus
1450 3195 1526 3259 trib.
1548 3212 1688 3281 potesta-

136 3294 265 3355 Numae
282 3290 436 3373 Pompilii
454 3292 492 3353 in
510 3292 662 3367 comitio,
686 3290 764 3373 igne
780 3307 803 3350 o
819 3290 886 3351 eie·
941 3290 999 3369 tis,
1024 3292 1094 3376 ipsa
1116 3313 1197 3359 vero
1218 3314 1392 3357 numerum
1414 3312 1604 3382 argumenta
1624 3303 1688 3365 etsi

137 3396 287 3457 timonis
300 3396 403 3477 sacto
425 3394 463 3453 in
486 3404 662 3472 conspectu
677 3391 796 3476 populi
818 3410 887 3453 ere·
938 3412 1007 3456 non
1026 3413 1104 3457 raro
1124 3393 1310 3474 historiam,
1336 3398 1392 3463 vix
1416 3412 1524 3463 tamon
1545 3422 1688 3487 unquam

137 3497 225 3558 muti
237 3505 329 3557 runt.
354 3494 521 3557 Hactenus
537 3510 668 3567 omnes,
693 3492 749 3575 qui
765 3490 884 3555 borum
927 3496 1189 3579 ‘chronologiam
1221 3498 1352 3580 jurent,
1390 3501 1562 3565 eonsilium
1597 3504 1687 3568 aliud

135 3614 311 3660 numerum
342 3594 540 3671 meminere,
578 3590 812 3671 sdaernernnt,
849 3594 884 3655 iu
937 3596 1103 3682 reliquum
1121 3620 1191 3661 non
1214 3612 1279 3676 est,
1301 3600 1365 3662 nisi
1385 3614 1420 3662 ut
1437 3600 1587 3666 univerae
1607 3605 1685 3669 reli·

134 3720 252 3762 eversa
268 3694 832 3781 exbiberiimperstoremstantem,
848 3706 883 3759 et
938 3718 1001 3781 qua
1030 3698 1134 3762 series
1164 3698 1280 3762 ordine
1310 3699 1515 3783 alphabetico
1543 3707 1684 3788 partium

134 3802 266 3863 sinistra
289 3811 454 3883 sceptrum
477 3810 656 3862 tenentem.
693 3796 818 3861 Verum
846 3797 881 3859 iu
936 3820 1123 3863 aversarum
1158 3802 1320 3867 succedat.
1364 3804 1472 3887 Atque
1506 3804 1552 3867 is·
1567 3806 1684 3873 modus

132 3900 352 3987 integerrime
378 3918 477 3975 numo
501 3920 537 3963 ac
560 3896 752 3962 niddtssimo
775 3898 881 3962 musei
936 3900 1039 3963 mulm
1068 3900 1150 3964 milti
1176 3917 1226 3966 est
1253 3904 1341 3967 risus
1368 3906 1584 3989 opportunior
1611 3908 1685 3987 illo,

132 4003 286 4069 Caesarei
306 4024 373 4067 non
391 4016 557 4087 sceptrum
573 4002 607 4064 in
627 4021 723 4064 manu
738 3998 879 4095 bominis
936 4022 1032 4087 quem
1061 4003 1294 4069 Mediobarbna
1325 4006 1528 4090 sequendum
1557 4013 1683 4093 putarit

132 4106 374 4183 comburentis,
396 4104 456 4171 sed
472 4104 576 4169 lasees
594 4124 669 4169 eum
684 4103 808 4181 securi,
829 4120 879 4167 so·
936 4106 993 4191 qui
1011 4118 1045 4168 et
1061 4106 1132 4189 ipse
1148 4108 1309 4184 incertus,
1331 4108 1447 4193 quibus
1463 4111 1555 4173 annis
1571 4113 1681 4197 singu·

131 4211 189 4275 lita
210 4209 364 4275 lictorum
387 4229 495 4287 arma,
519 4207 635 4287 video,
659 4208 716 4293 qui
737 4206 820 4271 adeo
843 4208 875 4271 itt
934 4204 986 4270 los
1001 4205 1098 4290 hujus
1114 4210 1273 4294 principis
1289 4234 1405 4275 numos
1421 4212 1600 4291 insereret,
1618 4216 1679 4277 etsi

130 4315 183 4377 his
201 4312 293 4375 numi
307 4312 503 4395 proponitur
518 4308 728 4395 exsequendo
742 4309 877 4374 Hadria-
933 4309 1021 4372 istud
1048 4330 1124 4374 raro
1152 4312 1231 4375 alias
1252 4311 1432 4396 ignoravit,
1463 4315 1551 4397 cepit
1568 4317 1678 4379 eonsi-

131 4414 165 4477 ni
182 4416 274 4497 jussu
290 4426 476 4497 occupatos.
934 4412 1033 4489 lium,
1063 4434 1177 4478 omnes
1204 4416 1389 4480 consulatus
1411 4418 1465 4481 lll.
1486 4435 1602 4478 numos
1629 4438 1680 4482 se·

956 889 994 950 in
1026 889 1211 953 universam
1241 890 1405 970 reliquom
1435 895 1604 962 Hadriani
1636 919 1703 963 mo·

1266 1005 1388 1058 netem.

166 4748 282 4823 a)1.c.
383 4746 418 4815 b)
439 4740 639 4807 innotasud
654 4742 744 4801 Hadr.
759 4766 788 4821 p.
805 4764 841 4801 m.
857 4752 920 4817 958.
1022 4748 1053 4817 c)
1075 4744 1486 4820 Plutarcb.iudgidec.13.
1589 4752 1676 4823 d)1.,

129 4838 187 4897 xl..
208 4850 299 4909 Μο-
868 4841 872 4851 ’
