4267 5500
722 614 1142 693 vestustattvs.
1633 640 1704 706 adt

155 781 247 865 cnjus
264 783 298 845 iu
313 780 419 847 Gallia
437 780 621 846 rebellione
649 784 775 867 egimus
791 786 832 851 sd
848 810 902 851 an·
960 801 1106 853 tremore
1124 784 1223 850 urbes
1239 783 1399 860 restitnit,
1422 784 1480 848 sed
1497 786 1591 851 noris
1608 777 1705 852 e'tiasn

155 903 233 946 num
257 886 299 952 V.
316 884 447 959 ceos,
473 903 548 945 cnm
571 884 623 947 lli.
649 907 750 949 annos
773 889 808 949 in
831 910 902 971 spe·
960 889 1115 953 aediliciis
1151 886 1269 951 urbem
1307 885 1453 965 ornarit,
1496 888 1584 951 inter
1623 912 1706 974 quae

155 984 251 1048 luncs
272 984 399 1048 abditus
420 982 559 1061 lateret,
585 970 747 1068 repertus,
764 990 901 1053 Romam
960 990 1118 1074 templum
1149 989 1243 1051 Pacis
1272 1001 1408 1072 propter
1440 991 1706 1073 magnitudinem,

156 1084 336 1168 perductus
378 1096 412 1148 et
446 1104 520 1159 cum
556 1106 659 1149 usura
704 1104 809 1153 morte
848 1090 901 1153 ad·
960 1104 992 1153 et
1013 1088 1284 1174 magnificentium
1311 1088 1514 1166 admirationi
1537 1093 1615 1169 luit,
1641 1116 1707 1159 ans·

157 1186 265 1251 iectus
296 1186 404 1267 ests).
445 1186 586 1251 Moritur
612 1189 829 1271 Vespasianus
848 1193 901 1256 tte
961 1193 1181 1275 phitheatrum
1214 1210 1295 1253 vero
1318 1190 1350 1251 in
1382 1191 1469 1255 bunc
1499 1191 1710 1260 diemmaxi-

156 1288 229 1353 ttst.
247 1287 306 1351 lul.
321 1306 439 1351 aunum
454 1308 554 1371 agens
565 1288 681 1355 mttx.
700 1311 799 1373 super
814 1312 903 1355 men·

158 1408 213 1453 ses
229 1389 302 1455 Vll.
321 1408 359 1451 ac
375 1386 444 1451 dies
456 1388 592 1452 totidem
608 1388 658 1472 b),
673 1402 841 1476 postquam
857 1394 902 1456 in-

157 1488 203 1553 de
219 1510 238 1553 s
254 1486 325 1555 stat.
342 1490 400 1551 lul.
422 1488 483 1553 das
506 1512 607 1555 annos
625 1492 681 1553 tx.
702 1513 832 1557 menses
848 1496 901 1558 XI.

161 1590 232 1655 tlies
250 1590 364 1651 xxm.
386 1589 576 1675 Imperondo
595 1592 771 1675 explesset.

223 1690 300 1753 Fuit
323 1689 432 1755 viriis
456 1690 657 1775 temporibus
682 1695 903 1772 necessarius,

162 1792 218 1877 qui
232 1804 383 1857 veterem
402 1789 531 1875 inparti
544 1792 755 1875 splendorem
772 1816 905 1878 praece·

161 1894 307 1958 dentium
327 1892 503 1957 Caesarum
525 1892 651 1977 ignavia
667 1915 704 1959 ac
724 1896 905 1962 sceleribus
969 1910 974 1921 “

161 1994 410 2059 eunomianum
437 1993 573 2079 egregie
600 1994 784 2063 vindicarit.
839 1997 905 2090 Qui
1000 2016 1003 2026 ·

162 2096 232 2178 ejus
250 2098 346 2159 sitam
369 2096 547 2159 memoriae
566 2096 759 2179 prodidere,
781 2101 906 2183 copio‘si

69 2216 77 2228 ·
160 2210 235 2261 sunt
252 2198 286 2258 in
302 2196 555 2260 commendanda
571 2194 640 2279 ejus
657 2196 794 2279 justitia,
819 2222 907 2263 man·

161 2296 352 2373 suetudine,
379 2296 576 2381 integritate.
610 2298 720 2361 Comis
738 2320 816 2385 erga
839 2322 906 2365 om·

163 2418 240 2474 nes,
269 2412 302 2461 ct
323 2412 472 2463 accessus
492 2398 614 2475 facilis,
646 2400 766 2483 quique
788 2422 905 2487 graves

161 2502 294 2587 hperii
324 2520 433 2577 cums,
463 2498 504 2563 sd
530 2520 608 2584 quas
639 2522 795 2566 summam
826 2506 905 2587 sigi-

161 2602 310 2679 lsntiam‚
344 2616 378 2665 et
400 2600 598 2663 indefessum
623 2602 763 2666 studium
781 2606 904 2681 attulit,

162 2702 307 2780 lucetiis,
341 2700 619 2789 familiaribusque
642 2704 723 2788 iocis
745 2718 906 2790 tempora·

961 1313 1012 1357 ms
1024 1294 1073 1355 sui
1086 1304 1178 1375 parte
1189 1306 1354 1374 superstes
1370 1291 1440 1374 ejus
1454 1290 1623 1358 liberalem
1641 1299 1706 1360 aui·

961 1415 1049 1457 mum
1066 1413 1161 1455 serae
1179 1393 1362 1474 posteritati
1378 1392 1596 1478 depraedicat.
1619 1398 1707 1491 Quin

962 1509 995 1557 et
1014 1496 1204 1557 consulares
1221 1494 1338 1576 inopes
1356 1496 1530 1578 quingenis
1548 1502 1710 1563 sestertiis

962 1594 1188 1668 sustentando,
1214 1593 1350 1677 aliisque
1372 1594 1620 1662 liberalitatibus
1642 1622 1710 1664 use·
1834 1674 1839 1681 ι

962 1698 1044 1772 ruit,
1064 1710 1099 1758 ut
1115 1697 1146 1757 in
1165 1714 1262 1757 omne
1280 1695 1447 1759 bominum
1469 1718 1572 1781 genus
1589 1700 1712 1766 libera*

963 1798 1104 1861 lissimus
1121 1818 1138 1859 s
1157 1796 1316 1858 Suetonio
1337 1797 1504 1862 diceretur
1522 1803 1563 1881 e).
1706 1822 1712 1836 ·

1104 1898 1382 1965 tranensem.
1392 1900 1712 1973 VESPASIANVSs

1104 1997 1206 2062 AVG.
1228 2000 1337 2078 Caput
1349 2001 1549 2065 laureatum.
1705 2020 1711 2033 ·

965 2101 1059 2164 COS.
1076 2100 1265 2167 vtltt.·Ttt.
1284 2098 1386 2163 Por.
1399 2103 1439 2167 x.
1463 2104 1586 2166 Statua
1601 2109 1711 2186 capita
1771 2176 1777 2187 ‚

963 2204 1098 2265 radiato
1127 2203 1159 2265 d.
1181 2200 1315 2263 bostem
1344 2206 1504 2267 insistens
1536 2206 1711 2267 columnae

964 2315 1137 2366 rostratae.
1168 2304 1205 2363 ln
1219 2300 1306 2365 aliis:
1332 2303 1572 2384 Capricornus,
1596 2308 1713 2369 Victo·

963 2406 1017 2465 rt'a
1033 2416 1095 2465 etc.
1119 2402 1188 2469 AV.
1207 2402 1276 2466 AR.
1295 2404 1394 2484 (Mus.
1412 2404 1521 2486 Caes.)

1021 2505 1074 2567 De
1093 2521 1226 2566 eversae
1249 2504 1371 2586 prioris
1395 2517 1471 2586 typo
1495 2506 1559 2587 jam
1577 2507 1713 2590 egimus

963 2606 1003 2667 ad
1027 2606 1068 2669 V.
1087 2606 1128 2668 C.
1140 2606 1223 2686 deq,
1255 2602 1375 2689 reliqui
1393 2607 1608 2695 memorabile
1625 2610 1713 2669 nibil

965 2704 1126 2771 adierunt.
1233 2769 1238 2778 .

160 2825 199 2868 ro
224 2807 340 2870 solitus
369 2820 456 2884 erat,
489 2824 627 2889 quorum
652 2803 835 2891 complura‘
851 2831 908 2873 cx·
968 2831 974 2838 ·

160 2908 271 3008 propia
300 2905 445 2992 prodidit
474 2907 661 2971 Suetonius.
704 2911 783 2973 'Iam
813 2931 907 2994 prec-

163 3007 272 3072 claros
294 3027 405 3071 mores
435 3029 498 3072 una
525 3007 684 3093 pecuniae
713 3031 907 3076 coacervan-

162 3107 224 3175 dae
256 3108 429 3194 cupiditas,
467 3121 502 3171 et
529 3108 661 3194 indigna
698 3132 740 3176 eo
776 3112 906 3196 fastigio
968 3141 974 3152 ·

163 3209 294 3278 aseritis
326 3229 541 3294 commpere
571 3223 621 3276 est
652 3211 739 3290 sisa,
761 3217 906 3279 ¹tametsi

1047 2951 1060 2970 ,
1197 2889 1234 2954 tt
1238 2914 1260 2953 u
1268 2894 1323 2955 nri
1362 2895 1477 2974 engi.

1104 3007 1702 3086 1ttP.caEsalt.VEsPAstan8.

1105 3104 1208 3176 AVG.
1235 3112 1343 3192 Caput
1360 3111 1560 3176 laureatum.

964 3209 1257 3276 AETERNI‘I'AS.
1286 3211 1413 3294 Prgura
1430 3223 1526 3274 stans
1541 3215 1587 3275 ad
1602 3232 1708 3288 aram,
1735 3287 1743 3298 ·

163 3325 300 3397 prepter
321 3312 511 3377 exhaustum
528 3312 657 3397 penitus
684 3317 845 3378 serarium
866 3317 908 3380 ad
964 3313 997 3377 d.
1014 3327 1114 3393 caput
1134 3312 1239 3390 Solis,
1261 3333 1292 3378 s.
1305 3313 1433 3379 Lunae.
1472 3309 1544 3382 AV.
1568 3312 1714 3396 (netto

161 3433 218 3480 ess
235 3432 271 3476 se
287 3411 403 3477 sordes
422 3413 456 3478 si
470 3415 671 3499 compulsnm
684 3415 906 3500 profiteretur.
965 3412 1073 3495 barb.)
1360 3451 1370 3486 .

162 3513 254 3580 ldeut
278 3531 405 3592 tamen,
432 3515 489 3600 qui
517 3516 668 3599 privatim
696 3537 828 3601 parcus,
860 3519 906 3583 si·
1026 3517 1119 3580 llaec
1143 3535 1258 3581 aversa
1279 3533 1367 3577 nunc
1388 3514 1529 3596 primum
1555 3518 1710 3580 occurrit.

161 3627 215 3680 tae
241 3616 406 3694 modicae,
446 3629 481 3680 et
505 3615 540 3678 iu
568 3617 788 3682 exactionibus
813 3639 905 3684 sose·
962 3617 1067 3692 Vide,
1101 3636 1184 3701 quae
1214 3612 1256 3677 de
1277 3635 1317 3677 ea
1338 3613 1520 3677 notabimus
1547 3616 1582 3676 in
1603 3618 1712 3678 nuruis

162 3739 219 3786 rus
243 3719 321 3794 fuit,
358 3719 496 3803 egregia
529 3739 566 3783 ac
594 3717 728 3800 profuse
763 3718 908 3784 liberalis
967 3717 1099 3800 Trajaui
1128 3715 1171 3778 ad
1198 3717 1239 3784 V.
1270 3715 1307 3776 C.
1336 3715 1418 3792 864,
1459 3729 1493 3777 et
1522 3715 1639 3779 Severi
1669 3717 1710 3778 ad

163 3819 241 3897 tris,
282 3839 357 3884 cum
382 3818 423 3883 sd
448 3819 708 3904 amplificandum
733 3820 841 3897 urbis,
870 3843 908 3886 ac
963 3819 1007 3886 V.
1029 3818 1065 3882 C.
1082 3819 1154 3901 oss.

166 3920 299 4008 imperii
328 3919 429 3984 decus
451 3934 596 4006 sumptus
625 3935 717 3984 erant
747 3923 907 4005 faciendi,
1107 3919 1236 3979 Eadem
1254 3919 1401 3980 aduersa.
1538 3930 1542 3938 ’

163 4043 237 4088 usus
261 4041 327 4085 uon
353 4019 453 4086 modo
481 4022 675 4107 Capitolinus
701 4023 820 4106 insigni
844 4045 908 4086 ms·
966 4018 1096 4087 IOVIS.
1115 4016 1297 4088 CVSTOS.
1323 4020 1472 4099 iuppiter
1495 4021 1605 4084 nudus
1616 4034 1713 4083 stans

165 4123 354 4212 gnificemia
375 4125 550 4201 exstruxit,
574 4125 702 4210 reliqua
720 4143 909 4188 monumen·
967 4135 1045 4182 ante
1066 4141 1178 4197 mam,
1209 4123 1240 4185 d·
1258 4133 1434 4203 pateram,
1458 4141 1485 4182 s.
1504 4141 1607 4186 aram.
1637 4123 1710 4191 AV·

164 4237 197 4294 ts
224 4223 343 4288 eodem
375 4243 450 4288 cum
471 4225 631 4310 Capitolio
661 4224 815 4290 incendio
837 4245 908 4290 cor·
966 4221 1035 4282 All.
1053 4223 1154 4301 (Mus.
1174 4219 1285 4299 Caes.)

164 4339 261 4411 rupta
282 4325 463 4409 repararit,
500 4325 736 4412 aquaeductus,
776 4345 815 4391 so
842 4325 909 4388 sias
1004 4320 1709 4405 lOVlSpositomiurectoprolVPPl'I'Iili.

164 4446 226 4512 par
253 4427 429 4516 imperium
458 4427 602 4504 vitiatas,
633 4425 778 4534 addictas
799 4439 908 4491 terrae
967 4425 1074 4495 Varro
1088 4422 1141 4508 ‘bs
1157 4424 1317 4509 luppiter,
1332 4423 1436 4499 lasis,
1448 4421 1591 4522 ationis,
1606 4423 1710 4499 Ionis.

165 4741 232 4888 ,¹ss
250 4739 559 4890 nqavtiuxstsns.
578 4739 948 4798 normannensis.
986 4785 990 4790 .
1035 4739 1072 4812 s)
1091 4737 1172 4796 suaa
1189 4744 1268 4800 aaa.
1354 4735 1387 4808 e)
1407 4727 1534 4810 cantu·
1617 4733 1651 4804 d)
1672 4733 1710 4790 de

190 4831 306 4892 ..n.
358 4831 380 4890 1.
1208 4867 1214 4878 ·

229 4939 324 5018 (rot
340 4939 416 5016 rat

1407 4931 1480 4998 Vs·
