4267 5500
712 599 763 674 n.
797 596 1128 683 annonara..
1189 538 1201 594 ⁸
1643 626 1691 714 ⁵9
1798 707 1802 710 ,

142 763 268 828 demum
298 765 341 834 V.
364 754 503 851 (ἔξω,
534 789 599 855 quo
631 784 769 859 uterque
791 773 887 841 ssIrir
944 781 986 842 11.
1015 776 1195 862 proceaait,
1233 775 1299 842 dici
1330 774 1442 864 coepit
1467 776 1563 845 Cosa
1585 780 1689 870 DE&

142 879 230 949 rupta
269 869 450 934 concordia
484 871 640 936 bellicum
671 875 790 944 annuit.
833 877 887 941 dd
916 915 920 920 -
946 883 1047 947 TER.
1091 881 1128 942 Si
1149 901 1231 966 ergo
1252 880 1394 945 Atratini
1428 903 1530 945 annua
1551 879 1581 944 A
1601 885 1693 949 coiu-¹

141 969 542 1038 daeceuminncnnullia
562 975 738 1040 exhorum
759 999 886 1063 genere
944 983 1023 1046 cidit
1039 1003 1120 1046 cnm
1141 1005 1226 1048 anno
1246 1005 1329 1067 719,
1349 1003 1488 1048 necesse
1510 996 1577 1062 eat,
1606 986 1691 1070 ejus·
1815 1036 1816 1043 κ

139 1071 286 1138 rideatur
307 1074 487 1159 triquetra,
515 1091 659 1156 certum,
691 1091 728 1142 ut
749 1081 809 1160 ait,
837 1082 887 1144 Si·
945 1084 1020 1146 dem
1042 1107 1161 1148 annum
1174 1088 1220 1164 A,
1239 1107 1337 1171 quem
1351 1085 1580 1150 habetnnmna
1600 1088 1694 1172 quina

141 1174 230 1239 ciliae
261 1175 465 1258 cymhalum,
503 1180 580 1264 quin
602 1181 727 1263 etipse
749 1181 886 1246 Bibulus
944 1197 996 1248 tua
1024 1185 1184 1266 Atratini,
1221 1187 1370 1251 incidere
1400 1187 1436 1249 in
1465 1209 1583 1251 annum
1610 1191 1691 1274 715,

140 1275 263 1340 dicatur
290 1279 472 1358 proconsul
502 1281 654 1360 Siciliae,
685 1297 719 1348 et
740 1297 886 1362 constet,
945 1307 1011 1372 quc
1025 1301 1176 1372 tempore
1192 1302 1293 1372 nupta
1303 1289 1448 1351 Antonio
1464 1291 1693 1355 recentOcta·

139 1380 229 1464 pulso
263 1380 342 1446 Sex.
364 1381 527 1467 Pompejo
567 1385 713 1449 Siciliam
754 1407 887 1450 omnem
943 1389 996 1456 tia
1024 1391 1218 1472 Cleopatrae
1247 1389 1284 1453 in
1303 1387 1390 1454 aere'
1412 1389 1546 1473 publico
1568 1393 1698 1458 vultum.

140 1480 170 1542 in
196 1495 394 1564 potestatem
424 1483 595 1552 Octaviani
623 1487 886 1573 veniaae,1quin
944 1491 1063 1554 meritc
1094 1491 1251 1558 excludit.
1300 1491 1345 1555 dt
1375 1492 1463 1554 enim
1492 1493 1589 1558 facile
1621 1508 1691 1573 eat,
1782 1507 1785 1511 ’

141 1583 234 1644 ullam
263 1585 335 1666 cjus
357 1599 486 1669 partem
518 1587 683 1653 obtineret
704 1591 886 1669 Antonius,
944 1593 1126 1657 tententiae
1165 1593 1261 1678 hujus
1304 1592 1467 1656 fallaciam
1503 1595 1692 1661 ostendere.

139 1685 314 1748 uerisimile
336 1709 466 1750 rursum
490 1711 556 1752 non
579 1711 670 1771 ease,
712 1707 894 1775 praetores¹
943 1697 981 1756 In
1025 1694 1175 1760 omnibus
1218 1694 1373 1772 Atratini,
1420 1687 1535 1780 Oppii,
1579 1699 1693 1778 Bibuli

140 1785 176 1849 ab
211 1787 392 1852 Oetae-iano
429 1792 640 1872 constitutos,
681 1815 762 1878 quoa
797 1794 886 1856 inter
942 1797 1069 1872 numia,
1105 1797 1164 1881 qui
1197 1796 1232 1858 in
1265 1796 1370 1860 antica
1399 1797 1520 1860 hahent
1547 1799 1609 1861 tria
1641 1821 1693 1864 ca·

141 1887 236 1952 fuisse
252 1889 410 1954 Bibulum
425 1913 542 1956 numus
565 1893 680 1971 docet,
707 1896 886 1959 Antonium
943 1897 1028 1983 pita,
1060 1898 1237 1992 inoaveraa
1265 1898 1477 1984 triquetram,
1512 1899 1574 1962 alia
1594 1901 1692 1964 litera

142 2009 211 2052 cum
232 1991 422 2076 Cleopatra,
443 1996 620 2079 praeterita
643 1996 798 2077 Octavia,
829 2019 887 2063 vc-
943 2021 1010 2062 non
1032 1999 1171 2083 legitur,
1209 2021 1305 2084 qnam
1326 1996 1372 2078 Γ,
1414 1986 1497 2084 ergo
1518 2021 1633 2064 omne·
1654 2001 1692 2062 hi

142 2093 236 2155 lnieee
276 2093 312 2156 in
356 2111 488 2160 moneta
530 2119 737 2182 proponere,
795 2115 885 2164 certa
942 2100 1104 2185 praefecti
1148 2101 1278 2164 nonnisi
1317 2102 1438 2164 tertio·
1456 2102 1577 2186 singuli
1613 2124 1691 2166 auae

146 2193 308 2260 Octaviani
339 2195 535 2265 offensione.-
578 2201 719 2280 Vultus,
760 2201 884 2285 inquit,
941 2204 1171 2286 praefecturae
1200 2223 1284 2266 anno
1312 2203 1403 2278 velut
1433 2217 1524 2267 certa
1555 2203 1692 2287 quadam

146 2296 171 2358 ai
197 2311 398 2382 spectentur,
428 2301 607 2383 juvenilem
636 2323 711 2366 cum
739 2303 887 2366 Antonio
941 2304 1087 2388 praelixa
1115 2304 1232 2388 regula
1261 2303 1403 2368 eundem
1424 2304 1486 2365 sibi
1508 2317 1622 2388 typum
1642 2307 1691 2370 le·

145 2399 344 2480 conjunctum
389 2403 522 2467 omnino
565 2404 698 2469 referre
736 2404 888 2485 Octavia·
943 2407 1083 2490 gerunt?
1115 2405 1246 2468 Deinde
1267 2406 1302 2467 in
1332 2405 1481 2469 omnibus
1506 2407 1689 2471 eorundem

144 2521 234 2579 unm,
261 2503 461 2568 muliebrem·
481 2520 590 2570 autem
613 2506 769 2571 Octaviae
791 2508 883 2570 nullo
940 2509 1186 2590 praefectorum
1215 2508 1337 2586 numia,
1378 2509 1434 2592 qui
1474 2507 1596 2572 habent
1626 2511 1691 2576 ain·

145 2617 233 2686 pacto
265 2607 455 2670 convenire.
500 2607 665 2701 Quocirca
693 2610 819 2671 nullum
849 2610 884 2671 in
941 2610 1090 2692 gelarent
1118 2623 1231 2692 typum
1260 2608 1396 2672 duarum
1418 2610 1597 2693 figurarum
1617 2611 1689 2695 hip-

145 2705 202 2769 hoe
235 2729 349 2773 numos
385 2709 437 2793 jua
474 2729 547 2774 ease
578 2724 632 2775 aut
669 2712 884 2797 Cleopatrae,
940 2711 1107 2796 pccampia
1146 2723 1328 2789 rectarum,
1376 2725 1481 2775 exstat
1517 2712 1614 2777 litera
1643 2713 1691 2793 Δ,

146 2824 197 2871 ant
212 2810 413 2889 Caesariani,
437 2814 649 2899 autAntpllo.
690 2816 743 2877 En
760 2836 884 2899 pumma
942 2834 1024 2897 ergo
1055 2814 1144 2876 idem
1169 2813 1306 2897 aingnlia
1334 2814 1457 2895 placuit
1488 2828 1603 2899 quarto
1632 2814 1689 2878 de·

146 2912 321 2975 dlazaclem
341 2914 457 2998 capita.
941 2938 1029 2978 mum
1064 2916 1292 2997 praefecturae
1329 2936 1419 2998 suae,
1438 2920 1548 2982 anno?
1601 2915 1690 3008 Quid

204 3014 323 3078 l'crnm
353 3017 388 3078 in
419 3016 480 3080 hac
506 3016 568 3081 viri
591 3016 711 3081 eruditi
733 3016 884 3081 doctrina
941 3038 1023 3083 vero
1053 3017 1170 3079 literae
1204 3015 1262 3082 ΔΙ.
1293 3017 1327 3077 in
1348 3016 1690 3101 num0v11.oppiit

148 3115 302 3198 complura
319 3118 419 3203 rideo
441 3138 507 3181 non
529 3118 604 3182 eatis
622 3120 776 3197 stabilita,
802 3142 883 3183 non·
941 3140 981 3184 an
1003 3131 1037 3181 et
1058 3118 1135 3179 hinc
1157 3138 1275 3179 annum
1296 3119 1383 3185 XIV.
1406 3118 1596 3203 exculpeaf.
1623 3118 1690 3181 Ad·

148 3218 228 3281 nulla
265 3218 362 3284 etiam
399 3220 490 3288 falsa.
541 3222 598 3283 Ait
632 3226 675 3298 1.,
716 3220 885 3289 adversari
941 3220 1042 3286 vertit
1070 3217 1262 3281 hie—nodat
1291 3222 1539 3296 Maazclennm,
1573 3242 1690 3285 verum

148 3318 336 3404 Cleopatrae
359 3336 529 3408 tempora,
559 3323 675 3407 quihus
705 3324 740 3384 hi
762 3323 881 3407 aignati
938 3343 1013 3386 cum
1035 3321 1167 3384 coivere
1189 3320 1288 3385 facile
1309 3343 1377 3384 non
1398 3336 1529 3407 posset,
1563 3321 1688 3407 effugio

148 3422 244 3497 uenit
286 3438 317 3487 at
337 3426 421 3489 haec
442 3426 505 3489 ille
522 3437 687 3511 computat
710 3442 751 3490 ex
773 3408 880 3489 literia
937 3446 1016 3487 uene
1038 3437 1089 3487 eat
1109 3442 1232 3507 patrumv
1245 3423 1367 3487 idoneo
1388 3425 1430 3505 ¹).
1456 3426 1582 3488 Harum
1604 3444 1687 3509 ergo

148 3522 288 3587 solitariis
309 3528 358 3604 A,
380 3526 426 3603 B,
446 3522 494 3605 Γ,
515 3524 562 3605 Δ,
590 3526 707 3612 quibua
734 3548 801 3590 non
824 3527 883 3589 du·
938 3526 1109 3591 literarum
1131 3546 1263 3589 aeneum
1290 3546 1394 3611 aeque
1415 3527 1578 3591 incertum
1601 3541 1688 3611 puta,
1724 3601 1728 3607 ,

147 3622 219 3688 bitat
246 3626 383 3691 indicari
412 3649 512 3692 annos
540 3630 788 3712 praefecturae,
815 3643 883 3715 quo'
939 3642 1046 3712 atque·
1074 3648 1213 3706 earum,
1252 3623 1331 3713 quaa
1359 3628 1396 3688 in
1421 3628 1533 3692 aeneia
1562 3622 1691 3708 Lollii',

148 3726 275 3792 admisso
313 3744 441 3794 certum
471 3730 583 3817 ntique
615 3731 720 3810 foret,
761 3733 882 3795 horum
940 3741 1009 3792 tum
1033 3742 1066 3791 et
1088 3729 1218 3791 urbium
1240 3729 1418 3807 Thraciae,
1449 3730 1691 3812 Syriae,'alia·

149 3852 309 3895 numerum
343 3832 544 3916 complures.
562 3854 646 3897 anno
675 3836 717 3903 V.
743 3835 779 3899 C.
800 3836 883 3916 715,
941 3852 1081 3916 rumque
1115 3833 1290 3916 regionum
1318 3851 1437 3915 magno
1465 3851 1604 3894 nurnero
1631 3832 1689 3895 ob-

148 3948 305 3998 conatante
326 3934 412 3999 adeo
432 3936 520 3999 inter
540 3948 715 4021 utrumqne
732 3936 883 4001 llIvirum
941 3934 1009 4000 vias
1039 3932 1210 4000 habemus.
1272 3935 1358 3997 Sane
1387 3933 1478 3995 numi
1508 3936 1688 4017 praesentia

147 4036 291 4115 amicitia,
313 4056 410 4101 cuaoa
432 4058 516 4101 enac.
547 4038 710 4123 Exemplo
733 4052 806 4102 erto
826 4059 884 4099 nu·
942 4036 1128 4120 argumenti
1157 4036 1246 4100 alind
1274 4050 1403 4100 certum
1431 4035 1586 4099 natalium
1618 4056 1691 4100 ano

146 4156 211 4199 mua
226 4140 250 4203 Ι.
267 4139 408 4203 Atratini
424 4160 498 4203 cum
522 4139 618 4203 litera
638 4137 686 4219 Δ,
713 4140 781 4205 eive
800 4160 884 4203 anno
941 4160 1016 4201 rum
1037 4152 1166 4222 tempus
1186 4160 1254 4202 non
1275 4138 1497 4216 manifestant,
1532 4160 1627 4223 qnam
1653 4138 1691 4201 il·

147 4240 199 4301 tt.
246 4238 408 4335 Quoniam
437 4242 472 4303 in
501 4240 566 4317 froc
591 4262 692 4306 numo
722 4242 884 4305 Antonine
941 4242 1016 4318 lud,
1048 4240 1136 4326 quod
1167 4263 1210 4305 ex
1239 4241 1375 4304 Antonii
1395 4241 1557 4324 inscripto
1574 4262 1688 4304 conen·

146 4338 257 4403 dicitur
285 4342 382 4407 COS.
409 4345 646 4409 DE821TER.
668 4346 739 4411 ΕΤ.
762 4346 883 4420 TER„
941 4342 1010 4406 latu
1038 4344 1177 4426 petitur,
1218 4344 1372 4407 nimirum
1400 4342 1461 4405 hoa
1488 4363 1584 4405 cusos
1613 4358 1688 4407 ante

147 4440 260 4525 signari
279 4464 346 4508 uon
368 4446 475 4530 potuit
495 4448 659 4530 posterius
681 4458 766 4510 anno
787 4446 828 4513 V.
846 4448 883 4513 C.
943 4444 1063 4508 aditum
1095 4444 1299 4508 contulatnm
1319 4446 1359 4506 Il.
1382 4446 1425 4511 V.
1443 4444 1578 4525 00720,
1608 4447 1690 4508 ulica

147 4563 219 4635 τις,
253 4567 327 4623 nam
357 4568 443 4611 anno
471 4548 636 4633 proximo,
674 4569 740 4633 quo
769 4546 884 4612 consul
943 4546 1112 4631 deinceps.
1155 4546 1300 4615 Vacilfat
1325 4565 1407 4629 ergo
1445 4561 1691 4630 argumentum,

148 4740 1696 4779 W*-

184 4864 211 4932 ²)
229 4863 295 4941 Peg.
307 4867 368 4930 ¹68·
470 4936 477 4947 ,

1365 4954 1452 5027 H'a,
