4267 5500
967 538 1168 619 tvntvs
1202 539 1445 618 CAESAR.

490 713 618 777 Exosus
640 711 704 795 jam
725 730 809 797 puer
824 712 863 773 L.
882 712 992 777 Sullae
1014 712 1078 776 fuit
1096 732 1171 777 cum
1291 712 1333 780 V.
1348 712 1385 779 C.
1402 710 1464 794 tna
1481 712 1523 779 A.
1535 708 1577 778 X.
1594 706 1633 774 bi
1653 712 1706 781 M.
1729 716 1836 799 Pupio
1856 723 1982 785 Ρὶωω

425 814 469 879 ob
490 812 766 879 necessitudinem
788 835 862 879 cum
886 815 922 876 C.
945 814 1068 892 Mario,
1096 835 1172 877 narn
1232 814 1474 894 Calpurniano,
1497 813 1550 878 M.
1567 813 1705 877 Valerio
1723 813 1892 892 Messalla
1910 842 1980 885 cos.

373 968 391 985 .
423 916 495 999 ejus
538 916 634 979 amita
671 916 752 979 Iulia
787 916 863 979 huic
897 930 997 999 nupta
1031 916 1095 977 luit
1121 916 1170 996 ¹),
1228 912 1375 992 domitis,
1400 934 1483 999 quos
1504 911 1637 999 quidem
1659 935 1726 977 nen
1751 920 1893 1003 reperit,
1920 923 1983 987 sed

422 1032 493 1082 tum
533 1018 622 1104 quod
662 1016 847 1081 Corneliam
888 1016 1010 1081 Cinnae
1052 1012 1169 1091 lilium,
1214 1016 1290 1100 'per
1310 1014 1521 1100 cupiditatem
1540 1014 1698 1099 triumphi
1718 1030 1753 1081 et
1769 1018 1912 1105 praedae
1930 1024 1981 1088 te.

416 1108 517 1204 ‘qnam
547 1138 686 1182 uxorern
717 1118 823 1196 duxit,
860 1119 953 1181 nullo
985 1130 1100 1201 pacto,
1135 1127 1172 1177 nt
1227 1117 1290 1196 cit,
1311 1116 1460 1181 hostibus
1477 1116 1597 1181 dicitur
1613 1116 1847 1201 inperatore).

421 1220 628 1305 repudiaret,
666 1220 856 1302 permoveri
889 1219 1012 1302 potuit,
1047 1238 1084 1281 uc
1116 1217 1171 1278 dc·
1290 1220 1386 1286 tte.
1406 1218 1585 1298 heladii.
1606 1220 1659 1285 tro.
1687 1222 1910 1302 nummo,
1938 1230 1980 1311 Q.

419 1322 520 1406 nique
543 1320 631 1405 quod
655 1321 774 1383 multos
797 1321 829 1383 ei
850 1319 991 1397 Marios,
1016 1318 1171 1380 nimirum
1231 1322 1378 1395 Caecilio
1403 1320 1545 1380 Metello
1569 1322 1689 1405 ‘Celere
1712 1343 1779 1389 con.
1801 1325 1837 1385 in
1860 1326 1980 1391 urbem

343 1476 345 1481 .
420 1424 559 1485 multum
585 1412 754 1505 popularis
764 1500 770 1508 ι
782 1440 878 1507 aurae
901 1421 1008 1484 inesse
1030 1418 1177 1505 rideret.
1205 1492 1208 1498 ¹
1226 1419 1268 1483 ad
1282 1420 1413 1483 comitia
1426 1440 1580 1483 reversus
1595 1420 1693 1483 simul
1708 1422 1921 1508 triumphum,
1937 1436 1980 1492 sl·

421 1524 503 1607 Ejus
532 1536 621 1585 metu
642 1526 748 1585 Roma
774 1521 942 1605 proiectus
969 1520 1055 1605 apud
1076 1519 1173 1584 Nico·
1228 1521 1297 1583 mul
1315 1520 1519 1584 consulatum
1536 1522 1635 1605 petit,
1648 1520 1745 1605 quod
1761 1544 1836 1587 cum
1854 1544 1979 1593 utrum·

420 1624 552 1688 medem
582 1624 753 1706 Bithyniae
782 1644 898 1709 regem
926 1644 992 1685 non
1020 1622 1091 1685 sinc
1118 1644 1172 1685 ru·
1229 1643 1292 1708 que
1311 1622 1462 1686 obtinere
1478 1645 1544 1686 non
1561 1636 1673 1708 posset
1689 1627 1770 1704 (nnn
1787 1625 1890 1705 enim,
1913 1632 1978 1694 nisi

420 1746 530 1804 more,
553 1740 588 1788 nt
613 1726 657 1789 ait
679 1726 871 1802 Suetonius,
894 1738 1075 1809 prostratae
1096 1723 1171 1803 regi
1212 1738 1509 1809 praesentasset,
1532 1724 1719 1787 candidatus
1737 1744 1809 1790 esse
1828 1734 1979 1796 consulu·

419 1827 595 1912 pudicitiae
641 1826 778 1891 desedit.
844 1828 999 1910 Magnum
1041 1824 1169 1907 juvenis
1227 1840 1279 1889 tus
1297 1823 1413 1909 potu‘it,
1429 1838 1462 1887 et
1478 1826 1507 1887 si
1520 1826 1635 1888 urbem
1651 1826 1978 1914 privatuaingressus

417 1929 561 2013 prompti
580 1942 614 1992 et
632 1929 787 2013 intrepidi
808 1928 906 1991 animi
925 1927 1093 2012 specimen
1114 1925 1171 1989 de·
1227 1940 1332 2005 esset,
1351 1938 1465 2010 postea
1481 1947 1523 2005 ex
1539 1928 1616 2010 lege
1633 1928 1833 2013 triumphare
1851 1954 1920 1997 non
1940 1937 1978 1997 li·

418 2031 484 2108 dit,
525 2051 599 2093 cunr
629 2044 740 2115 captus
770 2052 789 2093 a
818 2028 930 2113 piratis
964 2048 1001 2091 uo
1033 2029 1170 2111 pecunia
1226 2029 1324 2106 cuit),
1348 2026 1458 2111 abjicit
1478 2029 1693 2112 triumphum,
1717 2046 1914 2120 creatusque
1940 2039 1977 2099 in

417 2130 607 2214 redemptus
644 2144 829 2215 comparata
869 2128 1025 2193 celeriter
1064 2129 1169 2192 classe
1225 2154 1354 2195 annum.

416 2253 474 2295 eos
504 2252 546 2295 ex
574 2233 752 2316 improviso
782 2231 915 2295 adortus
939 2242 1011 2306 est,
1044 2244 1168 2315 captos·
1288 2230 1624 2315 temptantes
1636 2236 1755 2296 consul
1764 2236 1904 2318 conlega
1921 2241 1973 2300 M.

416 2333 538 2417 quein
562 2354 695 2401 crucem
723 2333 791 2417 egit
811 2330 854 2415 b).
891 2334 1028 2395 Romam
1056 2353 1169 2396 rerer·
1225 2334 1360 2410 Bibulo,
1376 2334 1486 2417 legem
1503 2334 1662 2417 agrariam
1678 2356 1739 2419 per
1752 2335 1817 2400 uim
1831 2338 1974 2419 perfert,

347 2460 353 2474 ·
415 2457 470 2499 sus
492 2436 631 2518 primum
654 2424 803 2498 tribunus
825 2433 962 2496 militum
986 2433 1102 2518 populi
1122 2434 1169 2497 la·
1226 2433 1416 2519 obtinetque
1435 2458 1453 2497 a
1477 2450 1590 2497 senatu
1608 2436 1791 2519 illyricum,
1818 2438 1973 2502 Galliam-

417 2556 497 2601 rnre
530 2551 673 2615 creatus,
706 2536 783 2599 dein
811 2548 964 2619 quaestor
993 2535 1026 2595 ln
1053 2535 1167 2618 Hispa·
1225 2556 1288 2619 que
1306 2535 1494 2598 citeriorem
1512 2550 1547 2598 et
1562 2536 1755 2603 ulteriorem
1772 2544 1973 2622 proconsule

415 2640 501 2703 niam
530 2639 699 2723 profectus
721 2637 865 2701 Gadibus
892 2649 1068 2717 conspecto
1090 2636 1167 2699 Ale·
1224 2638 1258 2698 in
1289 2637 1565 2722 quinquennium,
1602 2660 1667 2724 quo
1700 2642 1811 2725 elapso
1842 2642 1972 2724 adjutus

417 2740 530 2805 nandri
555 2742 601 2804 Μ.
626 2739 719 2823 signo
741 2754 833 2802 notas
855 2738 944 2815 illas,
976 2752 1072 2820 atque
1100 2760 1165 2800 am·
1217 2759 1324 2822 opera
1338 2740 1396 2803 Cn.
1409 2738 1559 2823 Pompeii
1572 2742 1633 2819 M„
1650 2744 1867 2809 etthrassi
1880 2745 1972 2809 aliud

415 2845 548 2908 bitiosas
576 2843 726 2906 lacrimas
751 2839 853 2905 flevit.
891 2839 1008 2902 Redux
1035 2854 1164 2902 creatus
1222 2841 1284 2902 sibi
1306 2843 1561 2926 quinquennium
1582 2855 1768 2926 extorquet.
1799 2845 1879 2930 Ejus
1907 2868 1970 2931 per

414 2945 529 3010 aedilis
544 2945 703 3030 populum
715 2943 777 3006 sihi
788 2942 941 3006 ludorum
956 2941 1165 3026 magnificen·
1220 2942 1284 3004 hoc
1306 2957 1433 3026 tempus
1457 2943 1613 3007 victoriae
1634 2945 1675 3006 de
1692 2947 1858 3024 Helvetia,
1886 2949 1969 3012 Ger·

412 3051 457 3112 tia
474 3048 646 3113 demeruit.
691 3050 693 3058 ’
766 3035 773 3044 “
1208 3045 1341 3121 enanis,
1363 3045 1484 3122 Gallis,
1506 3040 1670 3108 Britanniis
1690 3049 1851 3130 cognitae.

477 3153 573 3217 V.'C.
593 3151 650 3230 bot
672 3151 712 3214 A.
730 3149 772 3213 X.
790 3148 842 3214 (³3.
867 3151 918 3212 Μ.
943 3147 1050 3209 Tullio
1074 3147 1163 3209 Cice·
1285 3147 1327 3212 V.
1344 3147 1380 3208 C.
1395 3150 1458 3228 705
1477 3149 1517 3211 A.
1532 3149 1571 3208 X.
1587 3157 1639 3230 qt).
1660 3151 1695 3212 0.
1715 3151 1856 3213 Claudio
1873 3153 1969 3213 Mar·

414 3273 509 3326 rone,
542 3254 576 3313 Ο.
596 3251 750 3312 Antonio
777 3270 842 3312 cos.
870 3261 999 3311 mortuo
1017 3247 1162 3310 'Metelle
1218 3247 1302 3308 celto
1323 3249 1369 3310 Il.
1396 3249 1436 3312 L.
1458 3241 1611 3312 Cornelio
1633 3250 1778 3313 Lentulo
1804 3271 1870 3316 cos.
1898 3251 1969 3314 bel·

415 3353 476 3414 Pio
493 3351 612 3414 dieitur
627 3347 775 3432 pontifex
791 3348 947 3412 maximus
966 3349 1108 3434 profusis
1127 3349 1162 3410 in
1219 3347 1287 3408 lum
1304 3349 1401 3412 ciuile
1418 3370 1492 3412 cnm
1504 3351 1664 3434 Pompejo
1679 3364 1844 3435 coeptum.
1862 3356 1967 3417 Tran-

413 3456 571 3539 populum
588 3451 830 3535 largitionibus,
855 3473 929 3514 cum
946 3449 1164 3534 praedixisset
1218 3448 1280 3510 sito
1305 3449 1495 3529 Rubicone,
1526 3453 1751 3536 Pompeioque
1777 3473 1854 3516 cum
1880 3458 1966 3519 blar-

415 3555 526 3631 ruatri,
551 3574 616 3638 quo
639 3553 692 3618 die
715 3551 756 3616 ad
775 3552 906 3618 comitia
926 3537 1159 3616 descenderat:
1217 3551 1304 3613 cello
1326 3563 1361 3612 et
1381 3552 1524 3615 Lentulo
1545 3573 1614 3617 cos.
1637 3556 1670 3614 in
1692 3555 1863 3618 Graeciam
1889 3579 1966 3639 pro·

413 3657 511 3719 hodie
526 3655 643 3741 fllium
667 3668 727 3740 out
748 3655 938 3740 pontificem
961 3658 1159 3729 marimum,
1217 3653 1295 3736 ingo
1316 3654 1556 3733 Romamadit,
1583 3669 1617 3718 et
1637 3656 1798 3719 aerarium
1823 3658 1965 3740 perfrin-

414 3773 474 3822 uut
496 3759 628 3822 exulem
648 3759 773 3820 videbis
796 3759 835 3838 ο).
863 3755 939 3818 Fuit
965 3769 1073 3819 antem
1095 3755 1159 3837 jam
1217 3756 1273 3839 git.
1310 3756 1390 3818 Inde
1419 3756 1454 3815 in
1484 3755 1673 3839 Hispaniam
1700 3758 1870 3842 profectus
1902 3762 1963 3822 Pe-
2069 3756 2079 3770 ’

413 3873 487 3922 ante
506 3859 539 3921 in
555 3857 744 3942 pontificum
760 3858 954 3942 conlegium
978 3869 1158 3942 cooptatus,
1214 3856 1335 3920 treium
1363 3870 1397 3921 et
1425 3857 1593 3920 Afranium
1614 3860 1887 3944 Pompejanarum
1917 3863 1965 3925 le·

413 3960 540 4044 cumin
555 3961 633 4023 Asia
649 3959 777 4024 abesset
792 3959 837 4043 d).
1216 3959 1350 4042 giorum
1368 3957 1483 4036 duces,
1505 3974 1542 4021 ut
1562 3961 1644 4021 nihil
1665 3984 1685 4024 a
1706 3975 1802 4045 tergo
1820 3964 1963 4025 intutum

474 4065 516 4132 v.
533 4063 568 4124 e.
583 4062 644 4141 οφ.)
663 4063 703 4128 a,
720 4063 828 4128 xus.
852 4062 896 4122 n.
914 4061 1011 4124 russo
1031 4059 1157 4136 snm,
1214 4061 1368 4137 nasein,
1405 4059 1446 4124 aa
1480 4061 1681 4125 cesssionem
1716 4064 1805 4147 cogn
1836 4062 1890 4127 ste
1921 4047 1961 4129 11'.

411 4167 452 4232 I..
469 4167 603 4231 Licinio
617 4165 761 4226 Murena
776 4186 842 4227 cos.
858 4176 991 4246 praetor
1004 4162 1165 4248 urbanus.
1215 4163 1347 4226 Sextilis
1364 4161 1410 4244 ¹),
1433 4178 1680 4248 expugnataque
1696 4164 1838 4225 Massilia
1854 4166 1888 4226 in
1907 4164 1962 4227 ur·

411 4275 463 4331 Ex
489 4279 642 4352 praetura
670 4251 867 4350 proconsule
895 4266 929 4326 in
958 4266 1156 4329 Lusitaniam
1212 4264 1287 4326 bem
1310 4267 1411 4342 redit,
1441 4286 1515 4327 cum
1543 4265 1648 4329 adhuc
1673 4266 1791 4328 absens
1810 4267 1961 4332 >dictator

412 4370 493 4449 abit,
508 4372 636 4455 ibique.
980 4433 983 4438 ,
1213 4368 1418 4429 comitiorum
1433 4367 1656 4431 habendorum
1673 4390 1768 4432 causa
1785 4369 1891 4432 dictus
1910 4393 1961 4434 es·

450 4706 480 4773 n)
500 4701 621 4758 Plutia
635 4702 720 4760 Caes.
794 4699 829 4772 b)
850 4699 969 4756 Sueten.
984 4697 1060 4754 Plut.
1135 4699 1166 4769 c)
1186 4697 1333 4757 Plutarch.
1350 4701 1380 4756 iu
1399 4701 1483 4761 Gucs.
1514 4685 1517 4688 ⁴
1557 4699 1844 4771 d)VelleiusL.11.
1867 4719 1956 4773 045.

414 4795 443 4862 e)
464 4790 611 4847 Plutarch.
677 4793 710 4861 i)
731 4791 794 4848 Kal.
809 4809 914 4848 marm..
929 4789 1056 4865 Capuan.
