<?xml version="1.0" encoding="UTF-8"?>
<!DOCTYPE html PUBLIC "-//W3C//DTD XHTML 1.0 Transitional//EN"
    "http://www.w3.org/TR/xhtml1/DTD/xhtml1-transitional.dtd">
<html xmlns="http://www.w3.org/1999/xhtml" xml:lang="en" lang="en">
 <head>
  <title>
</title>
<meta http-equiv="Content-Type" content="text/html;charset=utf-8" />
  <meta name='ocr-system' content='tesseract 3.04.00' />
  <meta name='ocr-capabilities' content='ocr_page ocr_carea ocr_par ocr_line ocrx_word'/>
</head>
<body>
  <div class='ocr_page' id='page_1' title='image "./doctrinanumorum01steigoog/doctrinanumorum01steigoog_0060.png"; bbox 0 0 4267 5500; ppageno 0'>
   <div class='ocr_carea' id='block_1_1' title="bbox 436 552 1445 707">
    <p class='ocr_par' dir='ltr' id='par_1_1' title="bbox 436 552 1445 707">
     <span class='ocr_line' id='line_1_1' title="bbox 436 552 1445 707; baseline -0.004 -40"><span class='ocrx_word' id='word_1_1' title='bbox 436 612 482 681; x_wconf 69' lang='lat'><strong>20</strong></span> <span class='ocrx_word' id='word_1_2' title='bbox 534 688 546 707; x_wconf 84' lang='lat'><strong>.</strong></span> <span class='ocrx_word' id='word_1_3' title='bbox 972 552 1092 665; x_wconf 70' lang='lat' dir='ltr'><strong>unx.</strong></span> <span class='ocrx_word' id='word_1_4' title='bbox 1127 588 1445 666; x_wconf 80' lang='lat' dir='ltr'><strong>rourctvs.</strong></span> 
     </span>
    </p>
   </div>
   <div class='ocr_carea' id='block_1_2' title="bbox 357 758 2123 855">
    <p class='ocr_par' dir='ltr' id='par_1_2' title="bbox 357 758 2123 855">
     <span class='ocr_line' id='line_1_2' title="bbox 357 758 2123 855; baseline -0.003 -26"><span class='ocrx_word' id='word_1_5' title='bbox 357 776 360 789; x_wconf 84' lang='grc'><em>·</em></span> <span class='ocrx_word' id='word_1_6' title='bbox 434 763 732 855; x_wconf 55' lang='lat' dir='ltr'><strong>sanuses-neque</strong></span> <span class='ocrx_word' id='word_1_7' title='bbox 752 772 910 844; x_wconf 84' lang='lat' dir='ltr'><strong>conceptu</strong></span> <span class='ocrx_word' id='word_1_8' title='bbox 922 764 1181 844; x_wconf 74' lang='lat' dir='ltr'><strong>generatosedi·</strong></span> <span class='ocrx_word' id='word_1_9' title='bbox 1235 762 1330 827; x_wconf 81' lang='lat' dir='ltr'><strong>trium</strong></span> <span class='ocrx_word' id='word_1_10' title='bbox 1355 758 1462 825; x_wconf 82' lang='lat' dir='ltr'><strong>rideri</strong></span> <span class='ocrx_word' id='word_1_11' title='bbox 1481 758 1554 849; x_wconf 75' lang='lat' dir='ltr'><strong>pips</strong></span> <span class='ocrx_word' id='word_1_12' title='bbox 1580 760 1713 826; x_wconf 83' lang='lat' dir='ltr'><strong>roiobst</strong></span> <span class='ocrx_word' id='word_1_13' title='bbox 1737 764 1882 848; x_wconf 80' lang='lat' dir='ltr'><strong>receptis</strong></span> <span class='ocrx_word' id='word_1_14' title='bbox 1909 764 1989 829; x_wconf 78' lang='lat' dir='ltr'><strong>civi·</strong></span> <span class='ocrx_word' id='word_1_15' title='bbox 2121 765 2123 768; x_wconf 82' lang='grc'><strong>’</strong></span> 
     </span>
    </p>
   </div>
   <div class='ocr_carea' id='block_1_3' title="bbox 428 862 2005 1355">
    <p class='ocr_par' dir='ltr' id='par_1_3' title="bbox 428 862 2005 1355">
     <span class='ocr_line' id='line_1_3' title="bbox 433 862 1986 951; baseline -0.001 -20"><span class='ocrx_word' id='word_1_16' title='bbox 433 880 559 946; x_wconf 75' lang='lat' dir='ltr'><strong>cosque.</strong></span> <span class='ocrx_word' id='word_1_17' title='bbox 601 866 719 933; x_wconf 78' lang='lat' dir='ltr'><strong>Seruio</strong></span> <span class='ocrx_word' id='word_1_18' title='bbox 754 864 816 927; x_wconf 85' lang='lat' dir='ltr'><strong>init</strong></span> <span class='ocrx_word' id='word_1_19' title='bbox 851 882 1037 947; x_wconf 80' lang='lat' dir='ltr'><strong>cognomen</strong></span> <span class='ocrx_word' id='word_1_20' title='bbox 1067 864 1180 927; x_wconf 84' lang='lat' dir='ltr'><strong>Theti·</strong></span> <span class='ocrx_word' id='word_1_21' title='bbox 1234 862 1296 930; x_wconf 87' lang='lat' dir='ltr'><strong>bns</strong></span> <span class='ocrx_word' id='word_1_22' title='bbox 1308 862 1523 947; x_wconf 87' lang='lat' dir='ltr'><strong>proscriptis,</strong></span> <span class='ocrx_word' id='word_1_23' title='bbox 1558 875 1593 927; x_wconf 87' lang='lat' dir='ltr'><strong>et</strong></span> <span class='ocrx_word' id='word_1_24' title='bbox 1608 883 1651 927; x_wconf 82' lang='lat' dir='ltr'><strong>ex</strong></span> <span class='ocrx_word' id='word_1_25' title='bbox 1664 863 1871 951; x_wconf 72' lang='lat' dir='ltr'>Philippensi</span> <span class='ocrx_word' id='word_1_26' title='bbox 1885 864 1986 932; x_wconf 77' lang='lat' dir='ltr'><strong>clude</strong></span> 
     </span>
     <span class='ocr_line' id='line_1_4' title="bbox 430 962 1989 1051; baseline 0.001 -20"><span class='ocrx_word' id='word_1_27' title='bbox 430 968 493 1033; x_wconf 83' lang='lat' dir='ltr'><strong>dos</strong></span> <span class='ocrx_word' id='word_1_28' title='bbox 509 972 549 1051; x_wconf 85' lang='lat'><strong>¹),</strong></span> <span class='ocrx_word' id='word_1_29' title='bbox 570 968 648 1033; x_wconf 80' lang='lat' dir='ltr'><strong>olibi</strong></span> <span class='ocrx_word' id='word_1_30' title='bbox 669 966 785 1031; x_wconf 80' lang='lat' dir='ltr'><strong>endem</strong></span> <span class='ocrx_word' id='word_1_31' title='bbox 801 985 874 1030; x_wconf 90' lang='lat' dir='ltr'><strong>cnm</strong></span> <span class='ocrx_word' id='word_1_32' title='bbox 891 966 1022 1035; x_wconf 76' lang='lat' dir='ltr'>Venilia</span> <span class='ocrx_word' id='word_1_33' title='bbox 1036 962 1081 1051; x_wconf 77' lang='lat'><strong>¹²),</strong></span> <span class='ocrx_word' id='word_1_34' title='bbox 1100 965 1179 1029; x_wconf 76' lang='lat' dir='ltr'><strong>alibi</strong></span> <span class='ocrx_word' id='word_1_35' title='bbox 1234 962 1373 1049; x_wconf 80' lang='lat' dir='ltr'><strong>elapsis,</strong></span> <span class='ocrx_word' id='word_1_36' title='bbox 1396 978 1466 1030; x_wconf 83' lang='lat' dir='ltr'><strong>tum</strong></span> <span class='ocrx_word' id='word_1_37' title='bbox 1499 965 1589 1049; x_wconf 88' lang='lat' dir='ltr'><strong>quod</strong></span> <span class='ocrx_word' id='word_1_38' title='bbox 1613 966 1712 1050; x_wconf 76' lang='lat' dir='ltr'><strong>putris</strong></span> <span class='ocrx_word' id='word_1_39' title='bbox 1734 982 1876 1032; x_wconf 81' lang='lat' dir='ltr'><strong>mortem</strong></span> <span class='ocrx_word' id='word_1_40' title='bbox 1899 969 1989 1032; x_wconf 87' lang='lat' dir='ltr'><strong>inter</strong></span> 
     </span>
     <span class='ocr_line' id='line_1_5' title="bbox 431 1067 2005 1157; baseline 0.002 -25"><span class='ocrx_word' id='word_1_41' title='bbox 431 1070 523 1135; x_wconf 88' lang='lat' dir='ltr'><strong>idem</strong></span> <span class='ocrx_word' id='word_1_42' title='bbox 538 1084 658 1150; x_wconf 78' lang='lat' dir='ltr'><strong>narret,</strong></span> <span class='ocrx_word' id='word_1_43' title='bbox 674 1069 794 1134; x_wconf 71' lang='lat' dir='ltr'><strong>iactum</strong></span> <span class='ocrx_word' id='word_1_44' title='bbox 810 1090 851 1133; x_wconf 86' lang='lat' dir='ltr'><strong>ex</strong></span> <span class='ocrx_word' id='word_1_45' title='bbox 866 1070 1019 1154; x_wconf 79' lang='lat' dir='ltr'><strong>Neptuno</strong></span> <span class='ocrx_word' id='word_1_46' title='bbox 1032 1068 1177 1132; x_wconf 86' lang='lat' dir='ltr'><strong>Tritonis</strong></span> <span class='ocrx_word' id='word_1_47' title='bbox 1235 1067 1372 1131; x_wconf 75' lang='lat' dir='ltr'><strong>maxims</strong></span> <span class='ocrx_word' id='word_1_48' title='bbox 1392 1067 1542 1153; x_wconf 83' lang='lat' dir='ltr'><strong>perionis</strong></span> <span class='ocrx_word' id='word_1_49' title='bbox 1568 1067 1672 1132; x_wconf 86' lang='lat' dir='ltr'><strong>ultum</strong></span> <span class='ocrx_word' id='word_1_50' title='bbox 1698 1067 1776 1139; x_wconf 79' lang='lat' dir='ltr'><strong>ibet.</strong></span> <span class='ocrx_word' id='word_1_51' title='bbox 1805 1072 2005 1157; x_wconf 27' lang='lat' dir='ltr'><strong>Pompeio-⁴</strong></span> 
     </span>
     <span class='ocr_line' id='line_1_6' title="bbox 432 1168 1984 1257; baseline 0.001 -20"><span class='ocrx_word' id='word_1_52' title='bbox 432 1188 569 1239; x_wconf 74' lang='lat' dir='ltr'><strong>matrem</strong></span> <span class='ocrx_word' id='word_1_53' title='bbox 585 1177 625 1254; x_wconf 81' lang='grc' dir='ltr'><strong>ο).</strong></span> <span class='ocrx_word' id='word_1_54' title='bbox 666 1171 847 1257; x_wconf 86' lang='lat' dir='ltr'><strong>Appuleius</strong></span> <span class='ocrx_word' id='word_1_55' title='bbox 878 1192 951 1236; x_wconf 80' lang='lat' dir='ltr'><strong>earn</strong></span> <span class='ocrx_word' id='word_1_56' title='bbox 984 1170 1019 1233; x_wconf 93' lang='lat' dir='ltr'><strong>in</strong></span> <span class='ocrx_word' id='word_1_57' title='bbox 1040 1188 1179 1238; x_wconf 76' lang='lat' dir='ltr'><strong>numero</strong></span> <span class='ocrx_word' id='word_1_58' title='bbox 1235 1192 1310 1235; x_wconf 75' lang='lat' dir='ltr'><strong>runs</strong></span> <span class='ocrx_word' id='word_1_59' title='bbox 1331 1171 1411 1233; x_wconf 82' lang='lat' dir='ltr'><strong>item</strong></span> <span class='ocrx_word' id='word_1_60' title='bbox 1434 1170 1605 1255; x_wconf 75' lang='lat' dir='ltr'><strong>inpugna</strong></span> <span class='ocrx_word' id='word_1_61' title='bbox 1631 1168 1673 1238; x_wconf 85' lang='lat' dir='ltr'><strong>ud</strong></span> <span class='ocrx_word' id='word_1_62' title='bbox 1695 1170 1851 1237; x_wconf 80' lang='lat' dir='ltr'><strong>Mundum</strong></span> <span class='ocrx_word' id='word_1_63' title='bbox 1878 1186 1984 1238; x_wconf 86' lang='lat' dir='ltr'><strong>tesse-</strong></span> 
     </span>
     <span class='ocr_line' id='line_1_7' title="bbox 428 1268 1987 1355; baseline 0 -16"><span class='ocrx_word' id='word_1_64' title='bbox 428 1276 571 1341; x_wconf 87' lang='lat' dir='ltr'><strong>dsorum</strong></span> <span class='ocrx_word' id='word_1_65' title='bbox 591 1275 791 1345; x_wconf 82' lang='lat' dir='ltr'><strong>marinorum</strong></span> <span class='ocrx_word' id='word_1_66' title='bbox 814 1287 967 1336; x_wconf 76' lang='lat' dir='ltr'><strong>recenset</strong></span> <span class='ocrx_word' id='word_1_67' title='bbox 982 1270 1026 1354; x_wconf 85' lang='lat' dir='ltr'><strong>d).</strong></span> <span class='ocrx_word' id='word_1_68' title='bbox 1079 1273 1180 1337; x_wconf 84' lang='lat' dir='ltr'><strong>Deni-</strong></span> <span class='ocrx_word' id='word_1_69' title='bbox 1235 1294 1273 1337; x_wconf 83' lang='lat' dir='ltr'><strong>rs</strong></span> <span class='ocrx_word' id='word_1_70' title='bbox 1293 1272 1356 1335; x_wconf 81' lang='lat' dir='ltr'><strong>init</strong></span> <span class='ocrx_word' id='word_1_71' title='bbox 1378 1277 1493 1337; x_wconf 83' lang='lat' dir='ltr'><strong>Pietas</strong></span> <span class='ocrx_word' id='word_1_72' title='bbox 1516 1277 1560 1353; x_wconf 71' lang='grc' dir='ltr'><strong>ὅ).</strong></span> <span class='ocrx_word' id='word_1_73' title='bbox 1602 1268 1656 1333; x_wconf 76' lang='lat' dir='ltr'><strong>Ad</strong></span> <span class='ocrx_word' id='word_1_74' title='bbox 1685 1291 1871 1355; x_wconf 87' lang='lat' dir='ltr'><strong>cognomen</strong></span> <span class='ocrx_word' id='word_1_75' title='bbox 1899 1275 1987 1348; x_wconf 83' lang='lat' dir='ltr'><strong>istud</strong></span> 
     </span>
    </p>
   </div>
   <div class='ocr_carea' id='block_1_4' title="bbox 300 1372 1986 1464">
    <p class='ocr_par' dir='ltr' id='par_1_4' title="bbox 300 1372 1986 1464">
     <span class='ocr_line' id='line_1_8' title="bbox 300 1372 1986 1464; baseline 0.005 -27"><span class='ocrx_word' id='word_1_76' title='bbox 300 1394 304 1404; x_wconf 84' lang='grc'><strong><em>·</em></strong></span> <span class='ocrx_word' id='word_1_77' title='bbox 433 1400 497 1464; x_wconf 87' lang='lat' dir='ltr'><strong>que</strong></span> <span class='ocrx_word' id='word_1_78' title='bbox 529 1378 579 1439; x_wconf 87' lang='lat' dir='ltr'><strong>bis</strong></span> <span class='ocrx_word' id='word_1_79' title='bbox 618 1396 691 1439; x_wconf 85' lang='lat' dir='ltr'><strong>eam</strong></span> <span class='ocrx_word' id='word_1_80' title='bbox 728 1372 875 1457; x_wconf 82' lang='lat' dir='ltr'><strong>prodidit</strong></span> <span class='ocrx_word' id='word_1_81' title='bbox 894 1376 938 1439; x_wconf 83' lang='lat' dir='ltr'><strong>D.</strong></span> <span class='ocrx_word' id='word_1_82' title='bbox 960 1375 1177 1459; x_wconf 75' lang='lat' dir='ltr'><strong>Augustinus,</strong></span> <span class='ocrx_word' id='word_1_83' title='bbox 1235 1375 1335 1439; x_wconf 79' lang='lat' dir='ltr'><strong>etism</strong></span> <span class='ocrx_word' id='word_1_84' title='bbox 1359 1388 1438 1459; x_wconf 81' lang='lat' dir='ltr'><strong>typo</strong></span> <span class='ocrx_word' id='word_1_85' title='bbox 1458 1372 1610 1451; x_wconf 72' lang='lat' dir='ltr'><strong>Pietatis,</strong></span> <span class='ocrx_word' id='word_1_86' title='bbox 1639 1387 1675 1439; x_wconf 84' lang='lat' dir='ltr'><strong>ot</strong></span> <span class='ocrx_word' id='word_1_87' title='bbox 1697 1374 1836 1441; x_wconf 67' lang='lat' dir='ltr'><strong>nstrum</strong></span> <span class='ocrx_word' id='word_1_88' title='bbox 1855 1376 1986 1459; x_wconf 83' lang='lat' dir='ltr'><strong>piorum</strong></span> 
     </span>
    </p>
   </div>
   <div class='ocr_carea' id='block_1_5' title="bbox 430 1474 1990 1971">
    <p class='ocr_par' dir='ltr' id='par_1_5' title="bbox 432 1474 1631 1563">
     <span class='ocr_line' id='line_1_9' title="bbox 432 1474 1631 1563; baseline -0.003 -20"><span class='ocrx_word' id='word_1_89' title='bbox 432 1480 579 1563; x_wconf 81' lang='lat' dir='ltr'><strong>dixitque</strong></span> <span class='ocrx_word' id='word_1_90' title='bbox 613 1479 758 1563; x_wconf 80' lang='lat' dir='ltr'><strong>Neptuni</strong></span> <span class='ocrx_word' id='word_1_91' title='bbox 793 1496 943 1560; x_wconf 82' lang='lat' dir='ltr'><strong>sponsam</strong></span> <span class='ocrx_word' id='word_1_92' title='bbox 959 1482 1007 1559; x_wconf 76' lang='lat' dir='ltr'><strong>e),</strong></span> <span class='ocrx_word' id='word_1_93' title='bbox 1058 1498 1179 1540; x_wconf 88' lang='lat' dir='ltr'><strong>numen</strong></span> <span class='ocrx_word' id='word_1_94' title='bbox 1235 1474 1419 1554; x_wconf 80' lang='lat' dir='ltr'><strong>sdluditur,</strong></span> <span class='ocrx_word' id='word_1_95' title='bbox 1438 1475 1631 1539; x_wconf 65' lang='lat' dir='ltr'><strong>indicetur.</strong></span> 
     </span>
    </p>

    <p class='ocr_par' dir='ltr' id='par_1_6' title="bbox 430 1576 1990 1971">
     <span class='ocr_line' id='line_1_10' title="bbox 430 1576 1987 1673; baseline -0.001 -29"><span class='ocrx_word' id='word_1_96' title='bbox 430 1582 533 1667; x_wconf 84' lang='lat' dir='ltr'><strong>igitur</strong></span> <span class='ocrx_word' id='word_1_97' title='bbox 548 1601 611 1665; x_wconf 87' lang='lat' dir='ltr'><strong>per</strong></span> <span class='ocrx_word' id='word_1_98' title='bbox 627 1589 676 1659; x_wconf 88' lang='lat' dir='ltr'><strong>tot</strong></span> <span class='ocrx_word' id='word_1_99' title='bbox 693 1592 845 1643; x_wconf 66' lang='lat' dir='ltr'><strong>ueterum</strong></span> <span class='ocrx_word' id='word_1_100' title='bbox 858 1578 1033 1661; x_wconf 75' lang='lat' dir='ltr'><strong>praeconis</strong></span> <span class='ocrx_word' id='word_1_101' title='bbox 1048 1578 1179 1656; x_wconf 78' lang='lat' dir='ltr'><strong>nobile,</strong></span> <span class='ocrx_word' id='word_1_102' title='bbox 1299 1576 1353 1641; x_wconf 80' lang='lat' dir='ltr'><strong>Ad</strong></span> <span class='ocrx_word' id='word_1_103' title='bbox 1371 1598 1504 1640; x_wconf 80' lang='lat' dir='ltr'><strong>numum</strong></span> <span class='ocrx_word' id='word_1_104' title='bbox 1528 1578 1668 1673; x_wconf 78' lang='lat' dir='ltr'><strong>sitorum</strong></span> <span class='ocrx_word' id='word_1_105' title='bbox 1687 1598 1827 1643; x_wconf 76' lang='lat' dir='ltr'><strong>aeneum</strong></span> <span class='ocrx_word' id='word_1_106' title='bbox 1844 1581 1987 1647; x_wconf 75' lang='lat' dir='ltr'><strong>advertit</strong></span> 
     </span>
     <span class='ocr_line' id='line_1_11' title="bbox 432 1680 1986 1766; baseline 0 -19"><span class='ocrx_word' id='word_1_107' title='bbox 432 1694 467 1747; x_wconf 87' lang='lat' dir='ltr'><strong>et</strong></span> <span class='ocrx_word' id='word_1_108' title='bbox 479 1682 617 1746; x_wconf 86' lang='lat' dir='ltr'><strong>illustris</strong></span> <span class='ocrx_word' id='word_1_109' title='bbox 633 1680 786 1745; x_wconf 84' lang='lat' dir='ltr'><strong>nominis.</strong></span> <span class='ocrx_word' id='word_1_110' title='bbox 803 1680 975 1743; x_wconf 68' lang='lat' dir='ltr'><strong>Existimat</strong></span> <span class='ocrx_word' id='word_1_111' title='bbox 991 1681 1079 1765; x_wconf 79' lang='lat' dir='ltr'><strong>ergo&#39;</strong></span> <span class='ocrx_word' id='word_1_112' title='bbox 1092 1681 1182 1750; x_wconf 81' lang='lat' dir='ltr'><strong>Vsil·</strong></span> <span class='ocrx_word' id='word_1_113' title='bbox 1232 1682 1499 1762; x_wconf 81' lang='lat' dir='ltr'><strong>Hsvoreempus,</strong></span> <span class='ocrx_word' id='word_1_114' title='bbox 1516 1680 1551 1741; x_wconf 91' lang='lat' dir='ltr'><strong>in</strong></span> <span class='ocrx_word' id='word_1_115' title='bbox 1566 1680 1726 1743; x_wconf 75' lang='lat' dir='ltr'>similibus</span> <span class='ocrx_word' id='word_1_116' title='bbox 1741 1683 1846 1766; x_wconf 77' lang='lat' dir='ltr'><strong>capitu</strong></span> <span class='ocrx_word' id='word_1_117' title='bbox 1858 1684 1929 1748; x_wconf 79' lang='lat' dir='ltr'><strong>lani</strong></span> <span class='ocrx_word' id='word_1_118' title='bbox 1946 1684 1986 1748; x_wconf 80' lang='lat' dir='ltr'><strong>ad</strong></span> 
     </span>
     <span class='ocr_line' id='line_1_12' title="bbox 432 1782 1985 1869; baseline 0.001 -22"><span class='ocrx_word' id='word_1_119' title='bbox 432 1784 567 1863; x_wconf 85' lang='lat' dir='ltr'><strong>lnntius,</strong></span> <span class='ocrx_word' id='word_1_120' title='bbox 608 1782 881 1869; x_wconf 77' lang='lat' dir='ltr'><strong>quemadmodum</strong></span> <span class='ocrx_word' id='word_1_121' title='bbox 918 1784 1036 1846; x_wconf 79' lang='lat' dir='ltr'><strong>Sextus</strong></span> <span class='ocrx_word' id='word_1_122' title='bbox 1071 1802 1110 1847; x_wconf 86' lang='lat' dir='ltr'><strong>se</strong></span> <span class='ocrx_word' id='word_1_123' title='bbox 1145 1782 1180 1844; x_wconf 94' lang='lat' dir='ltr'><strong>in</strong></span> <span class='ocrx_word' id='word_1_124' title='bbox 1238 1783 1346 1847; x_wconf 85' lang='lat' dir='ltr'><strong>omnis</strong></span> <span class='ocrx_word' id='word_1_125' title='bbox 1367 1782 1468 1845; x_wconf 85' lang='lat' dir='ltr'><strong>Cnuei</strong></span> <span class='ocrx_word' id='word_1_126' title='bbox 1493 1782 1594 1865; x_wconf 77' lang='lat' dir='ltr'><strong>patris</strong></span> <span class='ocrx_word' id='word_1_127' title='bbox 1610 1782 1819 1847; x_wconf 70' lang='lat' dir='ltr'><strong>&#39;lineamenta</strong></span> <span class='ocrx_word' id='word_1_128' title='bbox 1846 1785 1985 1849; x_wconf 80' lang='lat' dir='ltr'><strong>formate</strong></span> 
     </span>
     <span class='ocr_line' id='line_1_13' title="bbox 432 1882 1990 1971; baseline 0.003 -24"><span class='ocrx_word' id='word_1_129' title='bbox 432 1886 574 1949; x_wconf 75' lang='lat' dir='ltr'><strong>denariis</strong></span> <span class='ocrx_word' id='word_1_130' title='bbox 597 1886 685 1965; x_wconf 78' lang='lat' dir='ltr'><strong>aliis,</strong></span> <span class='ocrx_word' id='word_1_131' title='bbox 717 1906 798 1971; x_wconf 89' lang='lat' dir='ltr'><strong>quos</strong></span> <span class='ocrx_word' id='word_1_132' title='bbox 820 1888 971 1969; x_wconf 84' lang='lat' dir='ltr'><strong>proxime</strong></span> <span class='ocrx_word' id='word_1_133' title='bbox 993 1884 1181 1949; x_wconf 85' lang='lat' dir='ltr'><strong>recensebi·</strong></span> <span class='ocrx_word' id='word_1_134' title='bbox 1237 1904 1322 1960; x_wconf 86' lang='lat' dir='ltr'><strong>esse,</strong></span> <span class='ocrx_word' id='word_1_135' title='bbox 1337 1882 1425 1967; x_wconf 85' lang='lat' dir='ltr'><strong>quod</strong></span> <span class='ocrx_word' id='word_1_136' title='bbox 1444 1904 1557 1948; x_wconf 79' lang='lat' dir='ltr'><strong>serum</strong></span> <span class='ocrx_word' id='word_1_137' title='bbox 1573 1903 1659 1961; x_wconf 89' lang='lat' dir='ltr'><strong>osse,</strong></span> <span class='ocrx_word' id='word_1_138' title='bbox 1689 1904 1731 1947; x_wconf 88' lang='lat' dir='ltr'><strong>cx</strong></span> <span class='ocrx_word' id='word_1_139' title='bbox 1744 1884 1906 1950; x_wconf 86' lang='lat' dir='ltr'>similibus</span> <span class='ocrx_word' id='word_1_140' title='bbox 1921 1910 1990 1951; x_wconf 89' lang='lat' dir='ltr'><strong>mn-</strong></span> 
     </span>
    </p>
   </div>
   <div class='ocr_carea' id='block_1_6' title="bbox 434 1984 2122 2071">
    <p class='ocr_par' dir='ltr' id='par_1_7' title="bbox 434 1984 2122 2071">
     <span class='ocr_line' id='line_1_14' title="bbox 434 1984 2122 2071; baseline 0 -19"><span class='ocrx_word' id='word_1_141' title='bbox 434 2010 525 2067; x_wconf 87' lang='lat' dir='ltr'><strong>mns,</strong></span> <span class='ocrx_word' id='word_1_142' title='bbox 555 1988 699 2071; x_wconf 84' lang='lat' dir='ltr'><strong>Neptuni</strong></span> <span class='ocrx_word' id='word_1_143' title='bbox 720 1988 823 2050; x_wconf 87' lang='lat' dir='ltr'><strong>filium</strong></span> <span class='ocrx_word' id='word_1_144' title='bbox 852 1986 954 2066; x_wconf 81' lang='lat' dir='ltr'>dixit,</span> <span class='ocrx_word' id='word_1_145' title='bbox 982 1989 1027 2051; x_wconf 84' lang='lat' dir='ltr'><strong>itu</strong></span> <span class='ocrx_word' id='word_1_146' title='bbox 1054 1988 1089 2050; x_wconf 93' lang='lat' dir='ltr'><strong>in</strong></span> <span class='ocrx_word' id='word_1_147' title='bbox 1116 1987 1181 2051; x_wconf 90' lang='lat' dir='ltr'><strong>boc</strong></span> <span class='ocrx_word' id='word_1_148' title='bbox 1239 1986 1290 2048; x_wconf 88' lang='lat' dir='ltr'><strong>sei</strong></span> <span class='ocrx_word' id='word_1_149' title='bbox 1311 1984 1465 2048; x_wconf 78' lang='lat' dir='ltr'><strong>Caesarei</strong></span> <span class='ocrx_word' id='word_1_150' title='bbox 1489 1985 1625 2069; x_wconf 87' lang='lat' dir='ltr'><strong>colligo.</strong></span> <span class='ocrx_word' id='word_1_151' title='bbox 1660 1986 1747 2071; x_wconf 84' lang='lat' dir='ltr'><strong>Typi</strong></span> <span class='ocrx_word' id='word_1_152' title='bbox 1764 2008 1805 2051; x_wconf 87' lang='lat' dir='ltr'><strong>ex</strong></span> <span class='ocrx_word' id='word_1_153' title='bbox 1826 1990 1990 2055; x_wconf 68' lang='lat' dir='ltr'><strong>Romanu</strong></span> <span class='ocrx_word' id='word_1_154' title='bbox 2121 2027 2122 2060; x_wconf 56' lang='grc'>;</span> 
     </span>
    </p>
   </div>
   <div class='ocr_carea' id='block_1_7' title="bbox 356 2087 1991 2479">
    <p class='ocr_par' dir='ltr' id='par_1_8' title="bbox 433 2087 1690 2173">
     <span class='ocr_line' id='line_1_15' title="bbox 433 2087 1690 2173; baseline 0 -18"><span class='ocrx_word' id='word_1_155' title='bbox 433 2112 471 2155; x_wconf 87' lang='lat' dir='ltr'><strong>se</strong></span> <span class='ocrx_word' id='word_1_156' title='bbox 495 2090 639 2153; x_wconf 75' lang='lat' dir='ltr'><strong>Salaciae</strong></span> <span class='ocrx_word' id='word_1_157' title='bbox 657 2088 765 2152; x_wconf 63' lang='lat' dir='ltr'><strong>,filium</strong></span> <span class='ocrx_word' id='word_1_158' title='bbox 788 2088 948 2173; x_wconf 84' lang='lat' dir='ltr'><strong>profiteri.</strong></span> <span class='ocrx_word' id='word_1_159' title='bbox 988 2092 1056 2152; x_wconf 88' lang='lat' dir='ltr'><strong>Res</strong></span> <span class='ocrx_word' id='word_1_160' title='bbox 1079 2087 1181 2159; x_wconf 86' lang='lat' dir='ltr'><strong>dubio</strong></span> <span class='ocrx_word' id='word_1_161' title='bbox 1227 2087 1449 2152; x_wconf 64' lang='lat' dir='ltr'><strong>⁸ruinsssibns</strong></span> <span class='ocrx_word' id='word_1_162' title='bbox 1465 2088 1589 2173; x_wconf 79' lang='lat' dir='ltr'><strong>cogniti</strong></span> <span class='ocrx_word' id='word_1_163' title='bbox 1604 2100 1690 2155; x_wconf 84' lang='lat' dir='ltr'><strong>sunt.</strong></span> 
     </span>
    </p>

    <p class='ocr_par' dir='ltr' id='par_1_9' title="bbox 433 2190 1184 2267">
     <span class='ocr_line' id='line_1_16' title="bbox 433 2190 1184 2267; baseline -0.004 -11"><span class='ocrx_word' id='word_1_164' title='bbox 433 2214 501 2258; x_wconf 93' lang='lat' dir='ltr'><strong>non</strong></span> <span class='ocrx_word' id='word_1_165' title='bbox 516 2204 655 2267; x_wconf 85' lang='lat' dir='ltr'><strong>cureret,</strong></span> <span class='ocrx_word' id='word_1_166' title='bbox 670 2192 733 2252; x_wconf 88' lang='lat' dir='ltr'><strong>nisi</strong></span> <span class='ocrx_word' id='word_1_167' title='bbox 754 2190 945 2255; x_wconf 81' lang='lat' dir='ltr'><strong>obturbaret</strong></span> <span class='ocrx_word' id='word_1_168' title='bbox 959 2203 1068 2253; x_wconf 82' lang='lat' dir='ltr'><strong>textus</strong></span> <span class='ocrx_word' id='word_1_169' title='bbox 1083 2191 1184 2254; x_wconf 83' lang='lat' dir='ltr'><strong>Grae·</strong></span> 
     </span>
    </p>

    <p class='ocr_par' dir='ltr' id='par_1_10' title="bbox 356 2290 1679 2381">
     <span class='ocr_line' id='line_1_17' title="bbox 356 2290 1679 2381; baseline -0.002 -25"><span class='ocrx_word' id='word_1_170' title='bbox 356 2352 372 2372; x_wconf 59' lang='grc'>,</span> <span class='ocrx_word' id='word_1_171' title='bbox 433 2316 492 2359; x_wconf 87' lang='lat' dir='ltr'><strong>cns</strong></span> <span class='ocrx_word' id='word_1_172' title='bbox 508 2292 666 2377; x_wconf 80' lang='lat' dir='ltr'><strong>Appiani,</strong></span> <span class='ocrx_word' id='word_1_173' title='bbox 687 2292 720 2353; x_wconf 87' lang='lat' dir='ltr'><strong>iu</strong></span> <span class='ocrx_word' id='word_1_174' title='bbox 738 2312 803 2381; x_wconf 84' lang='lat' dir='ltr'><strong>quc</strong></span> <span class='ocrx_word' id='word_1_175' title='bbox 817 2292 863 2355; x_wconf 90' lang='lat' dir='ltr'><strong>sic</strong></span> <span class='ocrx_word' id='word_1_176' title='bbox 885 2292 1008 2376; x_wconf 83' lang='lat' dir='ltr'><strong>legitur</strong></span> <span class='ocrx_word' id='word_1_177' title='bbox 1021 2290 1073 2375; x_wconf 74' lang='lat' dir='ltr'><strong>sl:</strong></span> <span class='ocrx_word' id='word_1_178' title='bbox 1109 2290 1182 2355; x_wconf 65' lang='lat' dir='ltr'><strong>ite?</strong></span> <span class='ocrx_word' id='word_1_179' title='bbox 1676 2353 1679 2360; x_wconf 82' lang='grc'><strong>,</strong></span> 
     </span>
    </p>

    <p class='ocr_par' dir='ltr' id='par_1_11' title="bbox 431 2384 1991 2479">
     <span class='ocr_line' id='line_1_18' title="bbox 431 2384 1991 2479; baseline -0.002 -20"><span class='ocrx_word' id='word_1_180' title='bbox 431 2396 506 2459; x_wconf 70' lang='grc' dir='ltr'><strong>ἔθυε</strong></span> <span class='ocrx_word' id='word_1_181' title='bbox 535 2416 620 2479; x_wconf 71' lang='lat' dir='ltr'><strong>pensos</strong></span> <span class='ocrx_word' id='word_1_182' title='bbox 647 2384 799 2478; x_wconf 67' lang='lat' dir='ltr'><strong>Subaocp</strong></span> <span class='ocrx_word' id='word_1_183' title='bbox 826 2418 876 2455; x_wconf 78' lang='lat' dir='ltr'><strong>nus</strong></span> <span class='ocrx_word' id='word_1_184' title='bbox 902 2386 1099 2473; x_wconf 66' lang='lat' dir='ltr'><strong>floscidum,</strong></span> <span class='ocrx_word' id='word_1_185' title='bbox 1131 2418 1182 2455; x_wconf 77' lang='lat' dir='ltr'><strong>nas</strong></span> <span class='ocrx_word' id='word_1_186' title='bbox 1381 2392 1856 2463; x_wconf 74' lang='lat' dir='ltr'><strong>MAG.P1VS.111P.1TER.</strong></span> <span class='ocrx_word' id='word_1_187' title='bbox 1881 2394 1991 2477; x_wconf 79' lang='lat' dir='ltr'><strong>Caput</strong></span> 
     </span>
    </p>
   </div>
   <div class='ocr_carea' id='block_1_8' title="bbox 432 2483 2123 2581">
    <p class='ocr_par' dir='ltr' id='par_1_12' title="bbox 432 2483 2123 2581">
     <span class='ocr_line' id='line_1_19' title="bbox 432 2483 2123 2581; baseline 0.001 -23"><span class='ocrx_word' id='word_1_188' title='bbox 432 2496 498 2571; x_wconf 74' lang='grc' dir='ltr'><strong>ὐιος</strong></span> <span class='ocrx_word' id='word_1_189' title='bbox 522 2494 617 2561; x_wconf 70' lang='lat' dir='ltr'><strong>iocos</strong></span> <span class='ocrx_word' id='word_1_190' title='bbox 645 2492 777 2574; x_wconf 56' lang='grc' dir='ltr'><strong>(ἔρις-ατο</strong></span> <span class='ocrx_word' id='word_1_191' title='bbox 806 2496 991 2573; x_wconf 65' lang='lat' dir='ltr'><strong>seneciae,</strong></span> <span class='ocrx_word' id='word_1_192' title='bbox 1027 2483 1241 2559; x_wconf 73' lang='lat' dir='ltr'><strong>nimiruru·</strong></span> <span class='ocrx_word' id='word_1_193' title='bbox 1382 2498 1531 2581; x_wconf 80' lang='lat' dir='ltr'><strong>Pompe-ji</strong></span> <span class='ocrx_word' id='word_1_194' title='bbox 1540 2499 1670 2581; x_wconf 85' lang='lat' dir='ltr'><strong>putris,</strong></span> <span class='ocrx_word' id='word_1_195' title='bbox 1690 2498 1990 2579; x_wconf 83' lang='lat' dir='ltr'><strong>praequolituus,</strong></span> <span class='ocrx_word' id='word_1_196' title='bbox 2121 2515 2123 2520; x_wconf 71' lang='grc'>’</span> 
     </span>
    </p>
   </div>
   <div class='ocr_carea' id='block_1_9' title="bbox 432 2590 1992 2989">
    <p class='ocr_par' dir='ltr' id='par_1_13' title="bbox 432 2590 1601 2684">
     <span class='ocr_line' id='line_1_20' title="bbox 432 2590 1601 2684; baseline 0.003 -24"><span class='ocrx_word' id='word_1_197' title='bbox 432 2620 497 2683; x_wconf 84' lang='lat' dir='ltr'><strong>pro</strong></span> <span class='ocrx_word' id='word_1_198' title='bbox 521 2591 673 2679; x_wconf 74' lang='grc' dir='ltr'><strong>Σαλατιᾳ</strong></span> <span class='ocrx_word' id='word_1_199' title='bbox 700 2595 855 2658; x_wconf 77' lang='lat' dir='ltr'><strong>scribitur</strong></span> <span class='ocrx_word' id='word_1_200' title='bbox 882 2590 1052 2683; x_wconf 62' lang='grc' dir='ltr'><strong>θαλωσσῂ,</strong></span> <span class='ocrx_word' id='word_1_201' title='bbox 1084 2620 1180 2684; x_wconf 82' lang='lat' dir='ltr'><strong>quarn</strong></span> <span class='ocrx_word' id='word_1_202' title='bbox 1369 2619 1463 2679; x_wconf 75' lang='lat' dir='ltr'><strong>pone</strong></span> <span class='ocrx_word' id='word_1_203' title='bbox 1474 2620 1601 2663; x_wconf 83' lang='lat' dir='ltr'><strong>urceus.</strong></span> 
     </span>
    </p>

    <p class='ocr_par' dir='ltr' id='par_1_14' title="bbox 433 2692 1992 2989">
     <span class='ocr_line' id='line_1_21' title="bbox 435 2692 1990 2785; baseline 0.001 -21"><span class='ocrx_word' id='word_1_204' title='bbox 435 2699 661 2765; x_wconf 82' lang='lat' dir='ltr'><strong>difficultatem</strong></span> <span class='ocrx_word' id='word_1_205' title='bbox 689 2698 753 2783; x_wconf 81' lang='lat' dir='ltr'><strong>jam</strong></span> <span class='ocrx_word' id='word_1_206' title='bbox 777 2697 860 2764; x_wconf 81' lang='lat' dir='ltr'><strong>vidit</strong></span> <span class='ocrx_word' id='word_1_207' title='bbox 879 2701 1123 2785; x_wconf 75' lang='lat' dir='ltr'><strong>Hstoucumpns</strong></span> <span class='ocrx_word' id='word_1_208' title='bbox 1144 2702 1178 2764; x_wconf 89' lang='lat' dir='ltr'><strong>in</strong></span> <span class='ocrx_word' id='word_1_209' title='bbox 1235 2699 1392 2763; x_wconf 79' lang='lat' dir='ltr'><strong>PRAEF.</strong></span> <span class='ocrx_word' id='word_1_210' title='bbox 1423 2700 1543 2765; x_wconf 77' lang='lat' dir='ltr'><strong>CLAS.</strong></span> <span class='ocrx_word' id='word_1_211' title='bbox 1575 2700 1646 2766; x_wconf 85' lang='grc' dir='ltr'><strong>ΕΤ.</strong></span> <span class='ocrx_word' id='word_1_212' title='bbox 1670 2698 1808 2766; x_wconf 78' lang='lat' dir='ltr'><strong>ORAE.</strong></span> <span class='ocrx_word' id='word_1_213' title='bbox 1835 2692 1990 2766; x_wconf 72' lang='lat' dir='ltr'><strong>mutu.</strong></span> 
     </span>
     <span class='ocr_line' id='line_1_22' title="bbox 433 2790 1992 2885; baseline -0.001 -17"><span class='ocrx_word' id='word_1_214' title='bbox 433 2825 494 2868; x_wconf 86' lang='lat' dir='ltr'><strong>suo</strong></span> <span class='ocrx_word' id='word_1_215' title='bbox 524 2800 565 2868; x_wconf 81' lang='lat' dir='ltr'><strong>ad</strong></span> <span class='ocrx_word' id='word_1_216' title='bbox 586 2802 733 2863; x_wconf 76' lang='lat' dir='ltr'><strong>Moreiiii</strong></span> <span class='ocrx_word' id='word_1_217' title='bbox 762 2799 899 2864; x_wconf 82' lang='lat' dir='ltr'><strong>ismiliss</strong></span> <span class='ocrx_word' id='word_1_218' title='bbox 929 2803 1175 2867; x_wconf 77' lang='lat' dir='ltr'><strong>commentario.</strong></span> <span class='ocrx_word' id='word_1_219' title='bbox 1233 2803 1306 2868; x_wconf 81' lang='lat' dir='ltr'><strong>EX.</strong></span> <span class='ocrx_word' id='word_1_220' title='bbox 1330 2805 1364 2868; x_wconf 83' lang='lat' dir='ltr'><strong>S.</strong></span> <span class='ocrx_word' id='word_1_221' title='bbox 1383 2804 1418 2866; x_wconf 89' lang='lat' dir='ltr'><strong>C.</strong></span> <span class='ocrx_word' id='word_1_222' title='bbox 1453 2790 1629 2885; x_wconf 71' lang='lat' dir='ltr'><strong>Neptunus</strong></span> <span class='ocrx_word' id='word_1_223' title='bbox 1649 2805 1758 2872; x_wconf 78' lang='lat' dir='ltr'><strong>nudus</strong></span> <span class='ocrx_word' id='word_1_224' title='bbox 1783 2805 1814 2866; x_wconf 83' lang='lat' dir='ltr'><strong>d.</strong></span> <span class='ocrx_word' id='word_1_225' title='bbox 1842 2814 1992 2868; x_wconf 72' lang='lat' dir='ltr'><strong>borcste-</strong></span> 
     </span>
     <span class='ocr_line' id='line_1_23' title="bbox 433 2903 1989 2989; baseline 0 -21"><span class='ocrx_word' id='word_1_226' title='bbox 433 2909 478 2968; x_wconf 84' lang='lat' dir='ltr'><strong>At</strong></span> <span class='ocrx_word' id='word_1_227' title='bbox 506 2927 581 2970; x_wconf 86' lang='lat' dir='ltr'><strong>cnm</strong></span> <span class='ocrx_word' id='word_1_228' title='bbox 610 2905 774 2989; x_wconf 79' lang='lat' dir='ltr'><strong>interpres</strong></span> <span class='ocrx_word' id='word_1_229' title='bbox 800 2903 944 2988; x_wconf 80' lang='lat' dir='ltr'><strong>Appiani</strong></span> <span class='ocrx_word' id='word_1_230' title='bbox 968 2905 1001 2966; x_wconf 94' lang='lat' dir='ltr'><strong>in</strong></span> <span class='ocrx_word' id='word_1_231' title='bbox 1029 2906 1176 2970; x_wconf 84' lang='lat' dir='ltr'><strong>editione</strong></span> <span class='ocrx_word' id='word_1_232' title='bbox 1236 2906 1320 2968; x_wconf 85' lang='lat' dir='ltr'><strong>lium</strong></span> <span class='ocrx_word' id='word_1_233' title='bbox 1338 2907 1478 2969; x_wconf 70' lang='lat' dir='ltr'><strong>dextero</strong></span> <span class='ocrx_word' id='word_1_234' title='bbox 1496 2905 1581 2987; x_wconf 85' lang='lat' dir='ltr'><strong>pede</strong></span> <span class='ocrx_word' id='word_1_235' title='bbox 1589 2924 1712 2987; x_wconf 83' lang='lat' dir='ltr'><strong>prorae</strong></span> <span class='ocrx_word' id='word_1_236' title='bbox 1730 2908 1829 2968; x_wconf 84' lang='lat' dir='ltr'><strong>navis</strong></span> <span class='ocrx_word' id='word_1_237' title='bbox 1843 2909 1989 2983; x_wconf 75' lang='lat' dir='ltr'><strong>insistit,</strong></span> 
     </span>
    </p>
   </div>
   <div class='ocr_carea' id='block_1_10' title="bbox 431 2998 2123 3094">
    <p class='ocr_par' dir='ltr' id='par_1_15' title="bbox 431 2998 2123 3094">
     <span class='ocr_line' id='line_1_24' title="bbox 431 2998 2123 3094; baseline -0.001 -22"><span class='ocrx_word' id='word_1_238' title='bbox 431 3012 536 3077; x_wconf 88' lang='lat' dir='ltr'><strong>Henr.</strong></span> <span class='ocrx_word' id='word_1_239' title='bbox 558 3007 716 3092; x_wconf 78' lang='lat' dir='ltr'><strong>Stephani</strong></span> <span class='ocrx_word' id='word_1_240' title='bbox 742 3019 807 3068; x_wconf 75' lang='lat' dir='ltr'><strong>tarn</strong></span> <span class='ocrx_word' id='word_1_241' title='bbox 836 3007 1041 3073; x_wconf 81' lang='lat' dir='ltr'><strong>confidenter</strong></span> <span class='ocrx_word' id='word_1_242' title='bbox 1069 3023 1178 3073; x_wconf 77' lang='lat' dir='ltr'><strong>verte-</strong></span> <span class='ocrx_word' id='word_1_243' title='bbox 1236 3005 1317 3068; x_wconf 79' lang='lat' dir='ltr'><strong>ltine</strong></span> <span class='ocrx_word' id='word_1_244' title='bbox 1342 3018 1378 3069; x_wconf 79' lang='lat' dir='ltr'><strong>et</strong></span> <span class='ocrx_word' id='word_1_245' title='bbox 1400 3007 1498 3069; x_wconf 82' lang='lat' dir='ltr'><strong>illinc</strong></span> <span class='ocrx_word' id='word_1_246' title='bbox 1510 3011 1647 3092; x_wconf 80' lang='lat' dir='ltr'><strong>fratres</strong></span> <span class='ocrx_word' id='word_1_247' title='bbox 1665 3009 1722 3089; x_wconf 87' lang='lat' dir='ltr'><strong>pii</strong></span> <span class='ocrx_word' id='word_1_248' title='bbox 1738 3018 1898 3090; x_wconf 81' lang='lat' dir='ltr'><strong>parentes</strong></span> <span class='ocrx_word' id='word_1_249' title='bbox 1915 3009 1992 3094; x_wconf 83' lang='lat' dir='ltr'><strong>effe·</strong></span> <span class='ocrx_word' id='word_1_250' title='bbox 2121 2998 2123 3005; x_wconf 58' lang='grc'>’</span> 
     </span>
    </p>
   </div>
   <div class='ocr_carea' id='block_1_11' title="bbox 430 3108 1992 4315">
    <p class='ocr_par' dir='ltr' id='par_1_16' title="bbox 430 3108 1992 4315">
     <span class='ocr_line' id='line_1_25' title="bbox 431 3108 1666 3193; baseline -0.002 -20"><span class='ocrx_word' id='word_1_251' title='bbox 431 3113 476 3174; x_wconf 92' lang='lat' dir='ltr'><strong>rit</strong></span> <span class='ocrx_word' id='word_1_252' title='bbox 496 3111 648 3174; x_wconf 77' lang='lat' dir='ltr'><strong>Salutius</strong></span> <span class='ocrx_word' id='word_1_253' title='bbox 673 3129 734 3192; x_wconf 89' lang='lat' dir='ltr'><strong>pro</strong></span> <span class='ocrx_word' id='word_1_254' title='bbox 754 3112 874 3187; x_wconf 85' lang='lat' dir='ltr'><strong>maris,</strong></span> <span class='ocrx_word' id='word_1_255' title='bbox 903 3111 1083 3174; x_wconf 81' lang='lat' dir='ltr'><strong>verisimile</strong></span> <span class='ocrx_word' id='word_1_256' title='bbox 1108 3125 1176 3190; x_wconf 86' lang='lat' dir='ltr'><strong>est,</strong></span> <span class='ocrx_word' id='word_1_257' title='bbox 1235 3121 1327 3175; x_wconf 74' lang='lat' dir='ltr'><strong>sunt.</strong></span> <span class='ocrx_word' id='word_1_258' title='bbox 1350 3108 1421 3174; x_wconf 79' lang='lat' dir='ltr'><strong>An.</strong></span> <span class='ocrx_word' id='word_1_259' title='bbox 1437 3111 1539 3193; x_wconf 79' lang='lat' dir='ltr'><strong>(Mus.</strong></span> <span class='ocrx_word' id='word_1_260' title='bbox 1553 3109 1666 3189; x_wconf 76' lang='lat' dir='ltr'><strong>Caes.)</strong></span> 
     </span>
     <span class='ocr_line' id='line_1_26' title="bbox 430 3208 1989 3292; baseline -0.002 -16"><span class='ocrx_word' id='word_1_261' title='bbox 430 3233 507 3276; x_wconf 87' lang='lat' dir='ltr'><strong>enm</strong></span> <span class='ocrx_word' id='word_1_262' title='bbox 536 3210 708 3292; x_wconf 82' lang='lat' dir='ltr'><strong>exemplar</strong></span> <span class='ocrx_word' id='word_1_263' title='bbox 731 3230 810 3292; x_wconf 79' lang='lat' dir='ltr'><strong>prae</strong></span> <span class='ocrx_word' id='word_1_264' title='bbox 832 3213 980 3275; x_wconf 82' lang='lat' dir='ltr'><strong>manibus</strong></span> <span class='ocrx_word' id='word_1_265' title='bbox 1008 3211 1179 3289; x_wconf 80' lang='lat' dir='ltr'><strong>babuisse,</strong></span> <span class='ocrx_word' id='word_1_266' title='bbox 1336 3209 1789 3277; x_wconf 75' lang='lat' dir='ltr'><strong>MAG.P{VS.1HP.1TER.</strong></span> <span class='ocrx_word' id='word_1_267' title='bbox 1819 3208 1989 3287; x_wconf 84' lang='lat' dir='ltr'><strong>Triremis,</strong></span> 
     </span>
     <span class='ocr_line' id='line_1_27' title="bbox 430 3305 1992 3399; baseline 0.001 -25"><span class='ocrx_word' id='word_1_268' title='bbox 430 3314 465 3374; x_wconf 89' lang='lat' dir='ltr'><strong>in</strong></span> <span class='ocrx_word' id='word_1_269' title='bbox 489 3331 554 3396; x_wconf 91' lang='lat' dir='ltr'><strong>quo</strong></span> <span class='ocrx_word' id='word_1_270' title='bbox 572 3329 689 3372; x_wconf 76' lang='lat' dir='ltr'><strong>renero</strong></span> <span class='ocrx_word' id='word_1_271' title='bbox 708 3308 880 3392; x_wconf 74' lang='lat' dir='ltr'><strong>legebatur</strong></span> <span class='ocrx_word' id='word_1_272' title='bbox 896 3305 1061 3394; x_wconf 74' lang='grc' dir='ltr'><strong>Σαλατιᾳ,</strong></span> <span class='ocrx_word' id='word_1_273' title='bbox 1091 3313 1180 3398; x_wconf 86' lang='lat' dir='ltr'><strong>quod</strong></span> <span class='ocrx_word' id='word_1_274' title='bbox 1334 3334 1437 3396; x_wconf 87' lang='lat' dir='ltr'><strong>supra</strong></span> <span class='ocrx_word' id='word_1_275' title='bbox 1461 3333 1559 3395; x_wconf 81' lang='lat' dir='ltr'><strong>quam</strong></span> <span class='ocrx_word' id='word_1_276' title='bbox 1584 3311 1751 3376; x_wconf 82' lang='lat' dir='ltr'><strong>turricula</strong></span> <span class='ocrx_word' id='word_1_277' title='bbox 1770 3315 1918 3376; x_wconf 81' lang='lat' dir='ltr'><strong>rotunda</strong></span> <span class='ocrx_word' id='word_1_278' title='bbox 1932 3317 1992 3399; x_wconf 85' lang='lat' dir='ltr'><strong>se·</strong></span> 
     </span>
     <span class='ocr_line' id='line_1_28' title="bbox 430 3410 1992 3499; baseline 0.001 -24"><span class='ocrx_word' id='word_1_279' title='bbox 430 3412 557 3476; x_wconf 82' lang='lat' dir='ltr'><strong>librarii</strong></span> <span class='ocrx_word' id='word_1_280' title='bbox 580 3431 694 3494; x_wconf 81' lang='lat' dir='ltr'><strong>porum</strong></span> <span class='ocrx_word' id='word_1_281' title='bbox 723 3410 860 3490; x_wconf 88' lang='lat' dir='ltr'><strong>eruditi,</strong></span> <span class='ocrx_word' id='word_1_282' title='bbox 883 3412 999 3498; x_wconf 88' lang='lat' dir='ltr'><strong>quibus</strong></span> <span class='ocrx_word' id='word_1_283' title='bbox 1023 3413 1065 3477; x_wconf 88' lang='lat' dir='ltr'><strong>de</strong></span> <span class='ocrx_word' id='word_1_284' title='bbox 1093 3415 1181 3479; x_wconf 79' lang='lat' dir='ltr'><strong>Sols-</strong></span> <span class='ocrx_word' id='word_1_285' title='bbox 1335 3419 1458 3480; x_wconf 84' lang='lat' dir='ltr'><strong>nestris</strong></span> <span class='ocrx_word' id='word_1_286' title='bbox 1474 3428 1606 3499; x_wconf 79' lang='lat' dir='ltr'><strong>patens,</strong></span> <span class='ocrx_word' id='word_1_287' title='bbox 1627 3418 1685 3479; x_wconf 87' lang='lat' dir='ltr'><strong>cui</strong></span> <span class='ocrx_word' id='word_1_288' title='bbox 1699 3435 1839 3498; x_wconf 79' lang='lat' dir='ltr'><strong>superne</strong></span> <span class='ocrx_word' id='word_1_289' title='bbox 1857 3417 1992 3478; x_wconf 80' lang='lat' dir='ltr'><strong>insistit</strong></span> 
     </span>
     <span class='ocr_line' id='line_1_29' title="bbox 430 3512 1990 3599; baseline 0 -21"><span class='ocrx_word' id='word_1_290' title='bbox 430 3515 481 3578; x_wconf 84' lang='lat' dir='ltr'><strong>cio</strong></span> <span class='ocrx_word' id='word_1_291' title='bbox 504 3513 565 3577; x_wconf 85' lang='lat' dir='ltr'><strong>des</strong></span> <span class='ocrx_word' id='word_1_292' title='bbox 583 3512 665 3575; x_wconf 90' lang='lat' dir='ltr'><strong>nibil</strong></span> <span class='ocrx_word' id='word_1_293' title='bbox 688 3513 888 3592; x_wconf 85' lang='lat' dir='ltr'><strong>constiterit,</strong></span> <span class='ocrx_word' id='word_1_294' title='bbox 915 3515 949 3576; x_wconf 92' lang='lat' dir='ltr'><strong>in</strong></span> <span class='ocrx_word' id='word_1_295' title='bbox 965 3515 1107 3580; x_wconf 79' lang='lat' dir='ltr'><strong>adfinem</strong></span> <span class='ocrx_word' id='word_1_296' title='bbox 1125 3539 1179 3582; x_wconf 83' lang='lat' dir='ltr'><strong>vo·</strong></span> <span class='ocrx_word' id='word_1_297' title='bbox 1330 3515 1553 3599; x_wconf 78' lang='lat' dir='ltr'><strong>Neptunusd.</strong></span> <span class='ocrx_word' id='word_1_298' title='bbox 1574 3517 1719 3594; x_wconf 81' lang='lat' dir='ltr'><strong>hostem,</strong></span> <span class='ocrx_word' id='word_1_299' title='bbox 1736 3539 1764 3580; x_wconf 85' lang='lat' dir='ltr'><strong>s.</strong></span> <span class='ocrx_word' id='word_1_300' title='bbox 1782 3515 1990 3599; x_wconf 72' lang='lat' dir='ltr'><strong>delphinum,</strong></span> 
     </span>
     <span class='ocr_line' id='line_1_30' title="bbox 430 3615 1992 3702; baseline -0.001 -21"><span class='ocrx_word' id='word_1_301' title='bbox 430 3636 505 3681; x_wconf 88' lang='lat' dir='ltr'><strong>cem</strong></span> <span class='ocrx_word' id='word_1_302' title='bbox 525 3617 692 3701; x_wconf 70' lang='grc' dir='ltr'><strong>θαλασσῃ,</strong></span> <span class='ocrx_word' id='word_1_303' title='bbox 716 3615 893 3700; x_wconf 85' lang='lat' dir='ltr'><strong>proniore,</strong></span> <span class='ocrx_word' id='word_1_304' title='bbox 918 3631 954 3681; x_wconf 89' lang='lat' dir='ltr'><strong>ut</strong></span> <span class='ocrx_word' id='word_1_305' title='bbox 977 3618 1178 3702; x_wconf 73' lang='lat' dir='ltr'><strong>putaverint,</strong></span> <span class='ocrx_word' id='word_1_306' title='bbox 1290 3653 1296 3670; x_wconf 83' lang='lat'><strong>.</strong></span> <span class='ocrx_word' id='word_1_307' title='bbox 1333 3639 1362 3680; x_wconf 78' lang='lat' dir='ltr'><strong>s.</strong></span> <span class='ocrx_word' id='word_1_308' title='bbox 1373 3620 1461 3697; x_wconf 78' lang='lat' dir='ltr'><strong>pede</strong></span> <span class='ocrx_word' id='word_1_309' title='bbox 1471 3641 1595 3702; x_wconf 74' lang='lat' dir='ltr'><strong>prom</strong></span> <span class='ocrx_word' id='word_1_310' title='bbox 1609 3622 1706 3682; x_wconf 85' lang='lat' dir='ltr'><strong>navis</strong></span> <span class='ocrx_word' id='word_1_311' title='bbox 1718 3620 1897 3699; x_wconf 80' lang='lat' dir='ltr'><strong>imposito,</strong></span> <span class='ocrx_word' id='word_1_312' title='bbox 1911 3619 1992 3694; x_wconf 73' lang='lat' dir='ltr'><strong>jut-</strong></span> 
     </span>
     <span class='ocr_line' id='line_1_31' title="bbox 433 3705 1988 3804; baseline 0 -21"><span class='ocrx_word' id='word_1_313' title='bbox 433 3741 533 3783; x_wconf 86' lang='lat' dir='ltr'><strong>sensu</strong></span> <span class='ocrx_word' id='word_1_314' title='bbox 548 3718 765 3781; x_wconf 87' lang='lat' dir='ltr'><strong>correxerint.</strong></span> <span class='ocrx_word' id='word_1_315' title='bbox 794 3718 879 3785; x_wconf 86' lang='lat' dir='ltr'><strong>Vcci</strong></span> <span class='ocrx_word' id='word_1_316' title='bbox 899 3705 1054 3804; x_wconf 65' lang='lat' dir='ltr'><strong>Eubarsp</strong></span> <span class='ocrx_word' id='word_1_317' title='bbox 1067 3721 1182 3785; x_wconf 75' lang='lat' dir='ltr'><strong>suffra·</strong></span> <span class='ocrx_word' id='word_1_318' title='bbox 1335 3728 1374 3780; x_wconf 86' lang='lat' dir='ltr'><strong>tn</strong></span> <span class='ocrx_word' id='word_1_319' title='bbox 1393 3739 1530 3801; x_wconf 83' lang='lat' dir='ltr'><strong>proram</strong></span> <span class='ocrx_word' id='word_1_320' title='bbox 1548 3715 1664 3802; x_wconf 77' lang='lat' dir='ltr'><strong>aquile</strong></span> <span class='ocrx_word' id='word_1_321' title='bbox 1685 3721 1894 3802; x_wconf 73' lang='lat' dir='ltr'><strong>legionario,</strong></span> <span class='ocrx_word' id='word_1_322' title='bbox 1923 3737 1988 3804; x_wconf 85' lang='lat' dir='ltr'><strong>pro</strong></span> 
     </span>
     <span class='ocr_line' id='line_1_32' title="bbox 433 3819 1797 3905; baseline 0 -21"><span class='ocrx_word' id='word_1_323' title='bbox 433 3835 528 3905; x_wconf 84' lang='lat' dir='ltr'><strong>gutur</strong></span> <span class='ocrx_word' id='word_1_324' title='bbox 558 3819 675 3896; x_wconf 74' lang='lat' dir='ltr'><strong>edam,</strong></span> <span class='ocrx_word' id='word_1_325' title='bbox 697 3819 785 3904; x_wconf 86' lang='lat' dir='ltr'><strong>qnod</strong></span> <span class='ocrx_word' id='word_1_326' title='bbox 816 3841 910 3884; x_wconf 88' lang='lat' dir='ltr'><strong>secus</strong></span> <span class='ocrx_word' id='word_1_327' title='bbox 937 3823 1042 3886; x_wconf 82' lang='lat' dir='ltr'><strong>oratio</strong></span> <span class='ocrx_word' id='word_1_328' title='bbox 1068 3843 1181 3888; x_wconf 78' lang='lat' dir='ltr'><strong>reram</strong></span> <span class='ocrx_word' id='word_1_329' title='bbox 1329 3823 1435 3902; x_wconf 83' lang='lat' dir='ltr'><strong>puppi</strong></span> <span class='ocrx_word' id='word_1_330' title='bbox 1452 3823 1591 3904; x_wconf 79' lang='lat' dir='ltr'><strong>thyrsus</strong></span> <span class='ocrx_word' id='word_1_331' title='bbox 1604 3836 1637 3885; x_wconf 88' lang='lat' dir='ltr'><strong>et</strong></span> <span class='ocrx_word' id='word_1_332' title='bbox 1656 3825 1797 3903; x_wconf 83' lang='lat' dir='ltr'><strong>tridens.</strong></span> 
     </span>
     <span class='ocr_line' id='line_1_33' title="bbox 431 3917 1986 4008; baseline 0.002 -22"><span class='ocrx_word' id='word_1_333' title='bbox 431 3920 643 4006; x_wconf 82' lang='lat' dir='ltr'><strong>tautologiam</strong></span> <span class='ocrx_word' id='word_1_334' title='bbox 661 3920 861 3987; x_wconf 82' lang='lat' dir='ltr'><strong>includeret:</strong></span> <span class='ocrx_word' id='word_1_335' title='bbox 885 3923 1077 4008; x_wconf 75' lang='lat' dir='ltr'><strong>sacrificare</strong></span> <span class='ocrx_word' id='word_1_336' title='bbox 1093 3928 1202 3987; x_wconf 83' lang='lat' dir='ltr'><strong>muri·</strong></span> <span class='ocrx_word' id='word_1_337' title='bbox 1234 3917 1393 3988; x_wconf 72' lang='lat' dir='ltr'><strong>PRAEF.</strong></span> <span class='ocrx_word' id='word_1_338' title='bbox 1426 3924 1549 3990; x_wconf 80' lang='lat' dir='ltr'><strong>CLAS.</strong></span> <span class='ocrx_word' id='word_1_339' title='bbox 1580 3925 1651 3988; x_wconf 84' lang='lat' dir='ltr'><strong>ET.</strong></span> <span class='ocrx_word' id='word_1_340' title='bbox 1676 3922 1810 3986; x_wconf 81' lang='lat' dir='ltr'><strong>ORAE.</strong></span> <span class='ocrx_word' id='word_1_341' title='bbox 1829 3925 1986 3990; x_wconf 72' lang='lat' dir='ltr'><strong>HABIT.</strong></span> 
     </span>
     <span class='ocr_line' id='line_1_34' title="bbox 432 4020 1989 4111; baseline 0.003 -26"><span class='ocrx_word' id='word_1_342' title='bbox 432 4043 466 4090; x_wconf 80' lang='lat' dir='ltr'><strong>et</strong></span> <span class='ocrx_word' id='word_1_343' title='bbox 480 4025 651 4108; x_wconf 83' lang='lat' dir='ltr'><strong>Neptuno,</strong></span> <span class='ocrx_word' id='word_1_344' title='bbox 676 4045 746 4086; x_wconf 82' lang='lat' dir='ltr'><strong>esse</strong></span> <span class='ocrx_word' id='word_1_345' title='bbox 760 4024 1022 4108; x_wconf 67' lang='lat' dir='ltr'><strong>filiumnturis,</strong></span> <span class='ocrx_word' id='word_1_346' title='bbox 1043 4040 1078 4090; x_wconf 87' lang='lat' dir='ltr'><strong>et</strong></span> <span class='ocrx_word' id='word_1_347' title='bbox 1092 4026 1178 4111; x_wconf 79' lang='lat' dir='ltr'><strong>Nep-</strong></span> <span class='ocrx_word' id='word_1_348' title='bbox 1234 4020 1306 4086; x_wconf 80' lang='lat' dir='ltr'><strong>EX.</strong></span> <span class='ocrx_word' id='word_1_349' title='bbox 1318 4022 1352 4088; x_wconf 87' lang='lat' dir='ltr'><strong>S.</strong></span> <span class='ocrx_word' id='word_1_350' title='bbox 1364 4024 1400 4089; x_wconf 88' lang='lat' dir='ltr'><strong>C.</strong></span> <span class='ocrx_word' id='word_1_351' title='bbox 1419 4024 1534 4107; x_wconf 80' lang='lat' dir='ltr'><strong>Scylla</strong></span> <span class='ocrx_word' id='word_1_352' title='bbox 1546 4026 1866 4088; x_wconf 80' lang='lat' dir='ltr'><strong>cans‘dussuccinetc</strong></span> <span class='ocrx_word' id='word_1_353' title='bbox 1876 4029 1989 4090; x_wconf 79' lang='lat' dir='ltr'><strong>sublo-</strong></span> 
     </span>
     <span class='ocr_line' id='line_1_35' title="bbox 432 4127 1986 4212; baseline 0.002 -22"><span class='ocrx_word' id='word_1_354' title='bbox 432 4131 519 4193; x_wconf 86' lang='lat' dir='ltr'><strong>tuni.</strong></span> <span class='ocrx_word' id='word_1_355' title='bbox 1027 4191 1033 4202; x_wconf 52' lang='grc'>,</span> <span class='ocrx_word' id='word_1_356' title='bbox 1236 4133 1272 4186; x_wconf 85' lang='lat' dir='ltr'><strong>to</strong></span> <span class='ocrx_word' id='word_1_357' title='bbox 1287 4145 1375 4187; x_wconf 88' lang='lat' dir='ltr'><strong>remo</strong></span> <span class='ocrx_word' id='word_1_358' title='bbox 1389 4129 1494 4190; x_wconf 77' lang='lat' dir='ltr'><strong>intutis</strong></span> <span class='ocrx_word' id='word_1_359' title='bbox 1509 4129 1667 4192; x_wconf 83' lang='lat' dir='ltr'><strong>intentat.</strong></span> <span class='ocrx_word' id='word_1_360' title='bbox 1682 4127 1752 4190; x_wconf 82' lang='lat' dir='ltr'><strong>AR.</strong></span> <span class='ocrx_word' id='word_1_361' title='bbox 1764 4127 1865 4207; x_wconf 78' lang='lat' dir='ltr'><strong>(Mus.</strong></span> <span class='ocrx_word' id='word_1_362' title='bbox 1875 4130 1986 4212; x_wconf 81' lang='lat' dir='ltr'><strong>Caes.)</strong></span> 
     </span>
     <span class='ocr_line' id='line_1_36' title="bbox 494 4221 1989 4315; baseline 0 -23"><span class='ocrx_word' id='word_1_363' title='bbox 494 4221 679 4295; x_wconf 72' lang='lat' dir='ltr'><strong>MAGNVS</strong></span> <span class='ocrx_word' id='word_1_364' title='bbox 707 4225 826 4291; x_wconf 82' lang='lat' dir='ltr'><strong>dicitnr</strong></span> <span class='ocrx_word' id='word_1_365' title='bbox 849 4228 882 4290; x_wconf 89' lang='lat' dir='ltr'><strong>in</strong></span> <span class='ocrx_word' id='word_1_366' title='bbox 909 4229 1017 4292; x_wconf 89' lang='lat' dir='ltr'><strong>numis</strong></span> <span class='ocrx_word' id='word_1_367' title='bbox 1039 4229 1178 4306; x_wconf 81' lang='lat' dir='ltr'><strong>Sextus,</strong></span> <span class='ocrx_word' id='word_1_368' title='bbox 1333 4227 1440 4293; x_wconf 75' lang='lat' dir='ltr'><strong>MAG.</strong></span> <span class='ocrx_word' id='word_1_369' title='bbox 1469 4229 1579 4299; x_wconf 80' lang='lat' dir='ltr'><strong>Ptvs.</strong></span> <span class='ocrx_word' id='word_1_370' title='bbox 1603 4230 1695 4292; x_wconf 79' lang='lat' dir='ltr'><strong>ltss’.</strong></span> <span class='ocrx_word' id='word_1_371' title='bbox 1723 4230 1840 4295; x_wconf 83' lang='lat' dir='ltr'><strong>ITER.</strong></span> <span class='ocrx_word' id='word_1_372' title='bbox 1878 4231 1989 4315; x_wconf 79' lang='lat' dir='ltr'><strong>Caput</strong></span> 
     </span>
    </p>
   </div>
   <div class='ocr_carea' id='block_1_12' title="bbox 430 4326 1986 4530">
    <p class='ocr_par' dir='ltr' id='par_1_17' title="bbox 430 4326 1986 4530">
     <span class='ocr_line' id='line_1_37' title="bbox 432 4326 1949 4418; baseline -0.001 -24"><span class='ocrx_word' id='word_1_373' title='bbox 432 4331 521 4418; x_wconf 87' lang='lat' dir='ltr'><strong>quod</strong></span> <span class='ocrx_word' id='word_1_374' title='bbox 552 4348 674 4393; x_wconf 89' lang='lat' dir='ltr'><strong>nomen</strong></span> <span class='ocrx_word' id='word_1_375' title='bbox 698 4343 836 4412; x_wconf 81' lang='lat' dir='ltr'><strong>epatre</strong></span> <span class='ocrx_word' id='word_1_376' title='bbox 865 4329 1100 4395; x_wconf 82' lang='lat' dir='ltr'><strong>hereditarium</strong></span> <span class='ocrx_word' id='word_1_377' title='bbox 1124 4330 1179 4394; x_wconf 85' lang='lat' dir='ltr'><strong>bs·</strong></span> <span class='ocrx_word' id='word_1_378' title='bbox 1334 4326 1499 4413; x_wconf 79' lang='lat' dir='ltr'><strong>Neptuni,</strong></span> <span class='ocrx_word' id='word_1_379' title='bbox 1517 4353 1604 4413; x_wconf 85' lang='lat' dir='ltr'><strong>pone</strong></span> <span class='ocrx_word' id='word_1_380' title='bbox 1623 4333 1759 4396; x_wconf 85' lang='lat' dir='ltr'><strong>tridens.</strong></span> <span class='ocrx_word' id='word_1_381' title='bbox 1945 4406 1949 4412; x_wconf 19' lang='grc' dir='ltr'><strong>Δ</strong></span> 
     </span>
     <span class='ocr_line' id='line_1_38' title="bbox 430 4431 1986 4530; baseline -0.003 -32"><span class='ocrx_word' id='word_1_382' title='bbox 430 4435 518 4512; x_wconf 87' lang='lat' dir='ltr'><strong>buit,</strong></span> <span class='ocrx_word' id='word_1_383' title='bbox 554 4431 674 4496; x_wconf 87' lang='lat' dir='ltr'><strong>deindo</strong></span> <span class='ocrx_word' id='word_1_384' title='bbox 696 4431 814 4509; x_wconf 85' lang='lat' dir='ltr'><strong>PIVS,</strong></span> <span class='ocrx_word' id='word_1_385' title='bbox 844 4451 918 4494; x_wconf 87' lang='lat' dir='ltr'><strong>cum</strong></span> <span class='ocrx_word' id='word_1_386' title='bbox 948 4433 1035 4518; x_wconf 90' lang='lat' dir='ltr'><strong>quod</strong></span> <span class='ocrx_word' id='word_1_387' title='bbox 1066 4433 1100 4498; x_wconf 87' lang='lat' dir='ltr'><strong>in</strong></span> <span class='ocrx_word' id='word_1_388' title='bbox 1125 4454 1180 4517; x_wconf 79' lang='lat' dir='ltr'><strong>pn·</strong></span> <span class='ocrx_word' id='word_1_389' title='bbox 1235 4431 1394 4497; x_wconf 83' lang='lat' dir='ltr'><strong>PRAEF.</strong></span> <span class='ocrx_word' id='word_1_390' title='bbox 1425 4432 1547 4498; x_wconf 73' lang='lat' dir='ltr'><strong>CLAS.</strong></span> <span class='ocrx_word' id='word_1_391' title='bbox 1575 4433 1646 4495; x_wconf 87' lang='lat' dir='ltr'><strong>ET.</strong></span> <span class='ocrx_word' id='word_1_392' title='bbox 1668 4432 1804 4498; x_wconf 80' lang='lat' dir='ltr'><strong>ORAE.</strong></span> <span class='ocrx_word' id='word_1_393' title='bbox 1831 4434 1986 4530; x_wconf 67' lang='lat' dir='ltr'><strong>tnnfflt’.</strong></span> 
     </span>
    </p>
   </div>
   <div class='ocr_carea' id='block_1_13' title="bbox 433 4643 1981 4957">
    <p class='ocr_par' dir='ltr' id='par_1_18' title="bbox 433 4643 1981 4957">
     <span class='ocr_line' id='line_1_39' title="bbox 470 4643 1981 4762; baseline 0.001 -21"><span class='ocrx_word' id='word_1_394' title='bbox 470 4688 500 4758; x_wconf 84' lang='lat' dir='ltr'><strong>a)</strong></span> <span class='ocrx_word' id='word_1_395' title='bbox 518 4684 568 4742; x_wconf 79' lang='lat' dir='ltr'><strong>Ad</strong></span> <span class='ocrx_word' id='word_1_396' title='bbox 582 4685 691 4760; x_wconf 83' lang='lat' dir='ltr'><strong>Georg.</strong></span> <span class='ocrx_word' id='word_1_397' title='bbox 706 4643 788 4747; x_wconf 21' lang='lat'><strong>1:5¹.</strong></span> <span class='ocrx_word' id='word_1_398' title='bbox 864 4683 899 4756; x_wconf 89' lang='lat' dir='ltr'><strong>b)</strong></span> <span class='ocrx_word' id='word_1_399' title='bbox 920 4679 1151 4749; x_wconf 61' lang='lat' dir='ltr'><strong>sueonibus.</strong></span> <span class='ocrx_word' id='word_1_400' title='bbox 1225 4687 1256 4757; x_wconf 87' lang='lat' dir='ltr'><strong>c)</strong></span> <span class='ocrx_word' id='word_1_401' title='bbox 1276 4683 1401 4754; x_wconf 76' lang='lat' dir='ltr'><strong>adAen.</strong></span> <span class='ocrx_word' id='word_1_402' title='bbox 1417 4683 1440 4742; x_wconf 88' lang='lat'><strong>1.</strong></span> <span class='ocrx_word' id='word_1_403' title='bbox 1458 4692 1517 4745; x_wconf 67' lang='lat' dir='ltr'><strong>tii.</strong></span> <span class='ocrx_word' id='word_1_404' title='bbox 1594 4681 1629 4754; x_wconf 89' lang='lat' dir='ltr'><strong>d)</strong></span> <span class='ocrx_word' id='word_1_405' title='bbox 1649 4684 1766 4741; x_wconf 79' lang='lat' dir='ltr'><strong>Netum.</strong></span> <span class='ocrx_word' id='word_1_406' title='bbox 1781 4683 1818 4749; x_wconf 72' lang='lat'><strong>1..</strong></span> <span class='ocrx_word' id='word_1_407' title='bbox 1831 4684 1884 4744; x_wconf 78' lang='lat' dir='ltr'><strong>lv.</strong></span> <span class='ocrx_word' id='word_1_408' title='bbox 1900 4703 1930 4762; x_wconf 88' lang='lat' dir='ltr'><strong>p.</strong></span> <span class='ocrx_word' id='word_1_409' title='bbox 1944 4705 1981 4742; x_wconf 87' lang='lat' dir='ltr'><strong>m.</strong></span> 
     </span>
     <span class='ocr_line' id='line_1_40' title="bbox 433 4770 1979 4851; baseline -0.005 -15"><span class='ocrx_word' id='word_1_410' title='bbox 433 4785 487 4844; x_wconf 78' lang='grc'><strong>81,</strong></span> <span class='ocrx_word' id='word_1_411' title='bbox 508 4785 538 4832; x_wconf 85' lang='lat' dir='ltr'><strong>ct</strong></span> <span class='ocrx_word' id='word_1_412' title='bbox 550 4773 678 4851; x_wconf 78' lang='lat' dir='ltr'><strong>Apolcg.</strong></span> <span class='ocrx_word' id='word_1_413' title='bbox 695 4793 726 4850; x_wconf 89' lang='lat' dir='ltr'><strong>p.</strong></span> <span class='ocrx_word' id='word_1_414' title='bbox 740 4796 779 4832; x_wconf 83' lang='lat' dir='ltr'><strong>m·</strong></span> <span class='ocrx_word' id='word_1_415' title='bbox 791 4785 854 4848; x_wconf 80' lang='lat'><strong>279.</strong></span> <span class='ocrx_word' id='word_1_416' title='bbox 929 4770 1673 4845; x_wconf 73' lang='lat' dir='ltr'><strong>e)deciv.detu.lv.c.1o‚etl..V11.c.nn.</strong></span> <span class='ocrx_word' id='word_1_417' title='bbox 1746 4773 1830 4844; x_wconf 75' lang='grc' dir='ltr'><strong>ΟΒ.</strong></span> <span class='ocrx_word' id='word_1_418' title='bbox 1849 4773 1979 4833; x_wconf 65' lang='lat' dir='ltr'><strong>CLV.</strong></span> 
     </span>
     <span class='ocr_line' id='line_1_41' title="bbox 436 4861 1165 4957; baseline 0.004 -35"><span class='ocrx_word' id='word_1_419' title='bbox 436 4885 462 4922; x_wconf 90' lang='lat' dir='ltr'><strong>c.</strong></span> <span class='ocrx_word' id='word_1_420' title='bbox 479 4877 537 4927; x_wconf 86' lang='lat' dir='ltr'><strong>too.</strong></span> <span class='ocrx_word' id='word_1_421' title='bbox 612 4866 644 4940; x_wconf 76' lang='lat' dir='ltr'><strong>g)</strong></span> <span class='ocrx_word' id='word_1_422' title='bbox 664 4863 790 4940; x_wconf 80' lang='lat' dir='ltr'><strong>Appiun.</strong></span> <span class='ocrx_word' id='word_1_423' title='bbox 804 4861 878 4922; x_wconf 85' lang='lat' dir='ltr'><strong>Bell.</strong></span> <span class='ocrx_word' id='word_1_424' title='bbox 891 4863 947 4921; x_wconf 83' lang='lat' dir='ltr'><strong>civ.</strong></span> <span class='ocrx_word' id='word_1_425' title='bbox 962 4863 995 4920; x_wconf 89' lang='lat' dir='ltr'><strong>L.</strong></span> <span class='ocrx_word' id='word_1_426' title='bbox 1010 4862 1047 4920; x_wconf 85' lang='grc' dir='ltr'><strong>ΙΙ.</strong></span> <span class='ocrx_word' id='word_1_427' title='bbox 1067 4881 1092 4957; x_wconf 30' lang='lat' dir='ltr'><strong>c..</strong></span> <span class='ocrx_word' id='word_1_428' title='bbox 1105 4872 1165 4925; x_wconf 70' lang='grc'><strong>104-</strong></span> 
     </span>
    </p>
   </div>
   <div class='ocr_carea' id='block_1_14' title="bbox 0 0 2138 5500">
    <p class='ocr_par' dir='ltr' id='par_1_19' title="bbox 0 0 2138 5500">
     <span class='ocr_line' id='line_1_42' title="bbox 0 0 2138 5500; baseline 0 0"><span class='ocrx_word' id='word_1_429' title='bbox 0 0 2138 5500; x_wconf 95' lang='lat' dir='ltr'><strong> </strong></span> 
     </span>
    </p>
   </div>
  </div>
 </body>
</html>
