4267 5500
447 563 519 632 478
1044 535 1401 614 HADRIAst.
1435 633 1451 652 „

449 729 572 786 tantam
600 711 732 778 mulieri
755 708 916 774 indultam
941 705 1042 772 luisse
1068 705 1109 774 ab
1130 707 1197 773 Ba·
1246 709 1296 774 tia
1314 710 1413 774 multa
1430 705 1591 791 continet,
1614 705 1700 772 etet
1714 711 1834 794 exigua
1849 667 1993 776 habenda
2097 770 2099 785 ,

451 817 566 882 driaco
582 834 650 878 non
666 821 866 899 magnopere
883 809 1013 876 uxorio.
1164 859 1177 880 .
1251 812 1393 878 videtur.
1425 810 1564 877 Ceteris
1587 811 1639 874 his
1661 814 1881 878 monumentis
1903 814 1994 877 adda·
2097 818 2098 839 ¹

443 969 448 978 .
615 921 661 980 Vt
679 917 730 979 iit.
748 916 793 979 A.
1251 935 1325 978 mas
1343 912 1529 978 testimonia
1548 911 1791 1006 historicorum.
1818 917 1893 979 llos
1912 916 1994 979 inter

449 1023 487 1082 P.
509 1019 556 1084 Μ.
583 1020 652 1084 ΤΗ.
676 1016 716 1084 P.
736 1015 832 1080 COS.
856 1015 896 1078 11.
919 1015 954 1076 itt
978 1013 1078 1076 abiis:
1100 1012 1195 1078 COS.
1252 1017 1441 1103 Spartianus
1456 1017 1680 1099 memorat‘⁰)=
1698 1019 1761 1080 Aa
1775 1019 1994 1100 colligendam

448 1122 604 1188 nestn.
613 1112 1196 1186 intrastler.AvG.ve1=0ntttNS.
1254 1132 1366 1182 autem
1383 1122 1532 1203 gratiam
1554 1118 1645 1182 nibil
1661 1123 1932 1200 praetermittens
1949 1123 1995 1181 in·

449 1227 523 1291 uel:
546 1223 648 1286 Pax.
670 1218 739 1286 tels
762 1217 914 1292 SALVS.
934 1230 1093 1282 etc..cum
1110 1217 1195 1303 typis
1241 1219 1382 1306 finitam
1392 1222 1589 1303 pecaniam,
1611 1218 1794 1304 ouaefiseo
1811 1221 1994 1294 debebatur,

451 1324 606 1410 propriis.
630 1322 702 1392 AV.
718 1321 788 1386 att.
806 1319 904 1396 (Mus.
917 1318 1026 1396 Caes.)
1248 1323 1396 1407 privatis
1411 1320 1617 1384 debitoribus
1636 1324 1673 1383 in
1694 1321 1789 1400 arbe,
1811 1333 1914 1404 atque
1932 1322 1997 1384 ita·

446 1483 457 1495 .,
492 1426 599 1508 Hujus
612 1422 748 1488 rationis
764 1433 814 1486 est
829 1419 940 1505 potiar
954 1441 1029 1504 pars
1045 1433 1197 1484 monetas
1254 1425 1318 1500 iio,
1330 1425 1367 1490 ia
1380 1424 1565 1505 provinciis
1578 1442 1654 1483 aera
1670 1426 1774 1484 etiam
1788 1439 1836 1484 ee
1850 1423 1998 1500 reliquiis

451 1547 587 1604 aureae,
610 1537 643 1590 et
660 1521 946 1609 argenteaehujus
963 1523 1049 1587 anni.
1254 1525 1405 1606 ingentes
1420 1540 1567 1590 summas
1580 1524 1725 1599 remisit,
1745 1525 1947 1605 syngraphis
1964 1527 1997 1585 in

618 1631 664 1690 Vt
680 1626 734 1690 iit.
752 1625 793 1689 E.
1245 1630 1329 1712 fora
1350 1625 1422 1686 diei
1443 1623 1595 1701 Traiani,
1621 1642 1685 1703 ouo
1707 1626 1817 1705 magis
1837 1631 1997 1703 meraritas

450 1727 662 1820 RELIQVA.
691 1725 886 1792 vetent.
919 1726 987 1790 Hs.
1019 1722 1196 1794 Novms.
1247 1725 1406 1788 omnibus
1418 1723 1639 1800 roboraretur,
1653 1726 1811 1791 incensis.
1819 1727 1865 1788 Et
1873 1725 1939 1790 nio
1953 1725 1995 1802 dl:

449 1832 574 1898 MILL.
598 1829 806 1894 ABOLlTA.
832 1827 866 1892 S.
889 1829 925 1896 C.
961 1830 1079 1892 Lictor
1103 1837 1200 1889 stans
1255 1829 1303 1892 Vt
1317 1826 1457 1887 Romam
1471 1828 1572 1901 venit,
1586 1827 1749 1904 quidquid
1759 1840 1822 1889 aut
1825 1825 1926 1910 fisca,
1940 1841 1997 1890 aut

451 1930 661 2018 syngraphas
681 1930 775 1992 bumi
791 1931 942 2010 jacentes
965 1930 1101 1992 admota
1114 1927 1199 2010 sace
1251 1925 1385 2011 publico
1407 1925 1630 1988 Romanarum
1653 1929 1788 1990 aeraria
1806 1928 1995 2005 debebatur,

452 2033 633 2108 comburit,
662 2051 691 2094 s.
703 2030 832 2112 fasces.
871 2033 913 2094 In
936 2031 1033 2093 aliis:
1062 2029 1200 2098 adstant
1254 2023 1405 2104 remisit,
1444 2028 1611 2091 sexdecim
1647 2047 1809 2090 annorum
1846 2027 1998 2113 definiens

450 2144 626 2216 praetereo
652 2131 739 2193 duae
763 2132 853 2194 aliae
867 2130 1025 2219 figurae,
1051 2131 1090 2192 in
1118 2130 1199 2192 aliis
1253 2139 1398 2210 tempus,
1420 2145 1466 2190 ea
1481 2146 1563 2207 oua,
1586 2139 1621 2188 et
1636 2147 1739 2207 aseae
1756 2131 1803 2191 ad
1817 2131 1908 2209 qaod
1923 2143 1995 2194 tem·

352 2239 356 2248 '
452 2250 529 2300 tres.
551 2233 624 2296 ΔΕ.
637 2232 661 2292 l.
679 2233 777 2306 (blus.
793 2231 899 2308 Caes.)
1251 2249 1315 2311 pus
1330 2225 1522 2312 beneficiam
1541 2229 1637 2290 istud
1651 2227 1890 2294 observandam
1906 2245 1996 2295 esset.

493 2337 733 2418 Argumentum
756 2333 874 2407 borum
896 2353 1071 2396 nnmerum
1095 2351 1137 2396 ex
1160 2332 1199 2393 il·
1255 2329 1382 2394 Omitto
1404 2328 1599 2405 Eusebium,
1625 2327 1874 2409 cassiodorum,
1901 2333 1997 2396 Cbro·

452 2435 663 2500 lustrioribus
691 2455 790 2498 unam
814 2447 880 2512 est,
907 2454 989 2519 quae
1013 2454 1065 2498 ars
1084 2446 1199 2517 ⁸nostra
1255 2431 1353 2495 nicon
1371 2429 1540 2516 paschale,
1561 2430 1618 2515 qui
1634 2451 1750 2494 omnes
1765 2430 1850 2498 banc
1866 2433 1997 2498 Hadria·

426 2535 704 2620 .complectitar,
740 2533 828 2620 qaod
858 2547 892 2597 nt
908 2533 1053 2618 plenius
1082 2534 1202 2599 intelli·
1255 2532 1292 2594 ni
1314 2531 1475 2616 insignem
1501 2530 1731 2598 liberalitatem
1760 2533 1996 2618 depraedicant.
2097 2614 2099 2618 μ

452 2650 566 2721 gatar,
603 2625 694 2699 lubet
718 2655 861 2698 marmor
889 2633 1008 2698 codem
1032 2635 1202 2720 pertinens
1256 2634 1398 2700 Nomine
1410 2648 1517 2698 autem
1532 2637 1737 2715 reliquorum
1750 2647 1908 2715 ueterum,
1919 2659 1996 2722 quae

454 2753 490 2805 et
513 2736 661 2822 pluribus
683 2736 794 2803 verbis
818 2735 1029 2819 inscriptum,
1049 2737 1112 2801 etsi
1135 2751 1203 2800 tar·
1256 2740 1291 2803 in
1307 2756 1406 2801 namo
1421 2750 1659 2814 memorantur,
1678 2735 1910 2821 intelligantur
1923 2738 1997 2824 pub-

453 2841 542 2923 piter
563 2840 813 2925 interpolatum,
846 2857 888 2903 ex
912 2835 1057 2902 Grutero
1082 2842 1203 2924 propo·
1258 2842 1337 2917 lica,
1362 2839 1533 2903 etliscalia
1549 2838 1658 2903 debita
1674 2858 1694 2902 e
1712 2838 1855 2903 residuis
1872 2841 1997 2925 proria-

454 2962 538 3007 nere
555 2944 602 3025 ·):
1258 2942 1388 3007 cialium
1425 2940 1571 3017 tributis,
1607 2953 1663 3004 aut
1693 2942 1927 3026 vectigalibus,
1964 2956 1997 3009 nt

452 3044 545 3108 Illll’.
584 3042 706 3109 CAES.
742 3044 846 3111 DIVI.
883 3040 1074 3109 taalenu.
1111 3042 1201 3104 PAR
1257 3056 1347 3107 notat
1374 3042 1610 3127 spanhemius,
1638 3040 1694 3126 qui
1713 3042 1886 3129 utriusque
1907 3064 1996 3110 voca·
2097 3041 2098 3044 ¹

454 3146 586 3209 TlllCl.
617 3145 656 3210 F.
684 3146 726 3209 D.
759 3144 952 3212 NERVAE.
981 3146 1082 3209 NEP.
1110 3143 1201 3205 ‘l'llA
1256 3145 1457 3225 balivorum
1480 3165 1611 3208 sensum
1628 3144 1773 3229 copiosis
1789 3145 1947 3229 exemplis
1962 3146 1997 3207 il·

360 3228 365 3239 ’
453 3245 575 3311 IANO.
623 3244 869 3307 HADRIANO.
918 3245 1021 3313 Avo.
1065 3246 1199 3312 PONT.
1256 3251 1388 3327 lustrat,
1413 3246 1709 3332 quampraecipue
1730 3246 1846 3330 atie).
1871 3246 1997 3321 Balsa·

453 3346 564 3411 Max.
586 3342 698 3439 tnta.
719 3345 820 3410 ΡΟΤ.
835 3350 877 3411 11.
899 3346 994 3411 COS.
1009 3349 1050 3411 ll.
1070 3347 1198 3438 QVOD
1257 3348 1367 3413 datum
1396 3368 1542 3413 marmor
1569 3347 1765 3433 compendio
1793 3362 1892 3415 vocat
1915 3348 1997 3411 debi-

454 3448 584 3516 vas.
619 3448 810 3515 OMNIVM.
847 3448 1100 3515 PRINCIPVM.
1139 3452 1198 3509 ΕΤ
1258 3462 1331 3513 tam
1340 3450 1435 3539 fisci.
1463 3451 1595 3513 Samma
1615 3450 1650 3539 in
1673 3470 1774 3514 namo
1794 3449 1933 3514 indicata
1954 3449 1995 3513 ei·

456 3548 611 3615 SOLVS.
642 3549 951 3625 REMlTTENDO.
983 3550 1200 3613 SESTERTI
1258 3551 1327 3616 licit
1343 3552 1477 3616 circiter
1494 3551 1661 3636 sexaginta
1679 3552 1846 3616 milliones
1862 3550 1996 3615 floreno

453 3652 533 3719 VM.
565 3652 742 3721 Novlas,
769 3652 959 3714 MILLIES.
991 3653 1201 3714 CENTENA
1254 3675 1332 3730 ,mm
1353 3652 1616 3730 Austriacorum,
1643 3666 1700 3743 aut
1726 3654 1858 3738 triginta
1885 3651 1996 3715 millio·

438 3753 621 3828 ,MILle
648 3754 690 3819 N.
716 3754 930 3829 DEBITVM.
959 3754 1081 3815 mser.
1106 3753 1200 3818 NON
1258 3776 1319 3819 nes
1344 3769 1511 3820 scutorum
1533 3756 1775 3833 Romanorum,
1813 3775 1879 3840 qao
1909 3754 1996 3818 aesti-

455 3843 760 3921 PRAESENTES.
777 3855 922 3919 MODO.
940 3856 1036 3920 SED.
1054 3856 1126 3919 ΕΤ.
1140 3853 1200 3918 ΡΟ
1259 3878 1349 3921 mare
1373 3855 1471 3920 liceat
1492 3876 1567 3919 cum
1587 3855 1741 3921 beneficii
1762 3856 1866 3942 ipsias
1884 3856 1996 3939 magni·

459 3958 643 4024 STEllOS.
666 3953 789 4024 SVOS.
815 3958 1091 4022 PRAESTITIT.
1111 3958 1202 4020 HAC
1259 3960 1424 4037 tudinem,
1453 3972 1523 4026 tum
1551 3978 1704 4043 capacem
1732 3960 1895 4024 inauditae
1922 3959 1997 4022 libe·

540 4059 881 4122 LIBERALITATE.
904 4058 1118 4127 sEcVROS.
1259 4060 1395 4125 talitatis
1426 4060 1602 4127 ‚Hadriani
1652 4060 1806 4126 animum.
1869 4062 1996 4125 Factum

455 4164 646 4240 naheren,
697 4160 786 4247 qnod
834 4158 1012 4239 adderem,
1060 4183 1205 4225 marmor
1260 4163 1348 4235 istud
1369 4183 1454 4227 anno
1474 4175 1665 4245 praesente,
1688 4162 1875 4227 consulatus
1889 4166 1929 4230 ll.
1946 4184 1997 4225 nu·

457 4266 546 4337 aliud
562 4264 780 4349 Hispaniense
798 4283 839 4325 ex
857 4264 967 4327 Donio
986 4286 1005 4327 a
1021 4265 1203 4332 Maratorio
1260 4286 1317 4351 mo
1331 4264 1506 4349 inscriptus
1518 4264 1639 4337 invicte
1654 4264 1864 4349 comprobat,
1881 4280 1916 4329 et
1929 4285 1995 4327 cnm

454 4368 687 4452 transcriptam
708 4364 759 4449 b),
790 4378 888 4449 atque
914 4363 1003 4429 idem
1030 4386 1203 4449 argumen-
1259 4386 1404 4449 marmor
1425 4379 1560 4451 praeter
1583 4366 1671 4429 bunc
1692 4368 1895 4438 consulatum
1919 4370 1996 4429 insu·

456 4486 524 4535 tum
546 4467 736 4544 continens,
763 4466 823 4531 sed
850 4464 919 4545 cai,
951 4465 1039 4552 qaod
1059 4467 1203 4532 insolen·
1259 4490 1322 4554 per
1345 4483 1509 4533 memorat
1526 4456 1612 4531 trib.
1622 4482 1816 4552 potestatam
1834 4471 1896 4546 11..
1919 4488 1994 4554 qnae

491 4696 523 4767 ι)
543 4696 604 4770 Peg
626 4706 669 4755 to.
683 4694 729 4761 6.
803 4690 849 4763 b)
867 4711 935 4770 pag.
949 4700 1011 4757 451.
1026 4706 1054 4755 t.
1152 4694 1323 4773 c)Cap.·t.
1423 4690 1709 4766 d)l..l·XlX·§.8·
1811 4692 1991 4769 s)'l'em.li.

454 4792 564 4859 Μὸδι
832 4822 835 4825 ·
