4267 5500
768 531 1054 604 rtuuntvs.
1612 557 1683 626 2„

135 711 215 767 tuus
241 698 419 786 dissipante
441 699 584 784 primum
611 699 646 762 in
672 699 815 765 Siciliam
840 699 883 763 ed
937 699 992 762 nia
1015 698 1166 764 exstincti
1192 719 1311 785 eorpus
1330 701 1468 766 Romam
1489 707 1681 776 referum

134 804 213 866 Sex.
231 803 450 888 Pompejum,
476 801 553 864 iude
580 799 621 864 ad
641 803 687 866 Μ.
703 802 882 876 Antonium
938 800 1041 867 victos
1072 801 1250 876 Dalmatas,
1290 823 1327 867 ac
1359 805 1544 870 Pannonios
1582 831 1680 877 ovans

133 925 211 967 eum
242 925 349 968 uxore
375 901 483 975 Livia,
513 917 547 965 et
577 903 712 969 Tiberio
739 903 882 969 necdum
940 901 1056 965 urbem
1072 901 1178 966 intrat.
1202 903 1309 986 (Dio.)

130 1005 226 1068 bimo
266 1004 425 1089 profugit.
467 1005 628 1068 Restituta
666 1027 743 1069 mox
780 1008 882 1070 Anto·
1001 1004 1042 1070 V·
1063 1003 1099 1067 C.
1126 1005 1199 1087 745.
1234 1010 1269 1067 ln
1288 1006 1469 1072 Germanos
1489 1025 1600 1076 movet
1624 1013 1682 1078 du·

127 1106 222 1170 nium
247 1105 353 1182 inter,
384 1119 419 1168 et
443 1104 655 1171 Octavianum
677 1129 758 1192 pace
781 1124 876 1193 pater
933 1117 987 1168 cto
1005 1126 1116 1168 secum
1139 1107 1174 1169 G.
1192 1107 1342 1175 Caesare.
1386 1110 1498 1174 Rebus
1518 1116 1679 1198 composi·

126 1209 288 1272 Tiberius
313 1207 410 1271 venie
428 1207 511 1271 iacta
529 1210 668 1272 Romam
693 1210 809 1288 rediit,
837 1232 875 1274 ac
931 1204 973 1270 tis
996 1207 1176 1290 imperator
1199 1208 1333 1290 dicitur,
1360 1224 1396 1275 et
1415 1214 1598 1298 triumphus
1625 1216 1681 1282 tle·

127 1309 245 1394 paullo
267 1323 344 1392 post
367 1309 410 1374 V.
439 1309 475 1369 C.
501 1311 563 1392 7ιὺ
588 1312 712 1376 Liviam
753 1311 879 1376 Tiberii
937 1307 1099 1386 cernitur,
1127 1311 1308 1396 consulque
1335 1315 1456 1377 iterum
1482 1317 1682 1402 designatur.

127 1411 240 1474 nostri
260 1424 399 1471 matrem
423 1413 548 1493 petenti
566 1412 746 1477 Octaviano
768 1414 877 1491 cessit.
936 1409 1045 1491 (Dio.)

128 1515 268 1596 Sumpta
289 1511 379 1575 virili
401 1524 495 1594 toga,
527 1513 615 1595 quod
642 1507 761 1576 sactum
782 1515 824 1581 V.
842 1517 877 1578 C.
998 1511 1041 1577 V.
1058 1511 1098 1572 C·
1120 1521 1193 1594 747.
1239 1513 1361 1579 Consul
1388 1517 1483 1581 ll.de
1509 1516 1681 1584 Germanis

127 1633 191 1697 727
224 1615 280 1676 die
305 1613 426 1680 XXIV.
448 1614 571 1695 Aprilis
610 1614 769 1678 deliniunt
804 1616 878 1679 fasti
936 1609 1122 1695 triumphat.
1173 1615 1291 1678 Denuo
1320 1617 1361 1682 ad
1390 1619 1515 1682 bellum
1546 1621 1680 1686 Germe·

126 1717 242 1792 herii,
268 1736 353 1801 quae
377 1713 497 1777 deiude
522 1717 592 1800 ejus
608 1736 670 1798 per
690 1717 879 1780 adolesceu·
936 1711 1045 1776 nicum
1068 1713 1145 1779 exit.
1169 1716 1277 1798 (Dio.)

128 1819 207 1881 tiam
226 1816 352 1881 fuerint
366 1837 423 1878 res
438 1831 548 1900 geste,
574 1819 770 1901 compendio
787 1839 879 1882 cnon
998 1815 1040 1881 V.
1056 1816 1093 1878 C.
1109 1818 1183 1898 748.
1206 1819 1382 1902 Augustus,
1399 1842 1464 1905 quo
1483 1824 1551 1906 Caji
1570 1839 1602 1885 et
1614 1827 1681 1888 Lu·

129 1935 179 1984 rat
190 1917 371 1982 Suetonius
394 1921 440 1997 ⁸),
465 1917 559 1980 ducta
575 1920 665 1982 ‘intra
688 1920 774 1982 istud
798 1934 880 1982 sem.
936 1914 979 1976 cii
997 1916 1106 1979 Caess.
1122 1916 1324 1982 insolentiam
1343 1924 1558 2005 reprimeret,
1582 1925 1679 1988 'l'ibes

131 2019 878 2108 pusVipsaniaAgrippinsM.Agrippaefilis.
935 2015 987 2078 rio
1022 2017 1097 2078 trib.
1125 2034 1319 2101 potestatem
1356 2022 1388 2084 in
1424 2025 1681 2110 quinquennium

131 2125 259 2208 Hsjora
284 2141 362 2183 mox
386 2120 557 2183 mandante
580 2124 726 2206 Augusto
751 2143 881 2206 aggres·
940 2118 1070 2180 confert
1093 2123 1135 2202 c).
1175 2122 1326 2185 Rhodum
1356 2128 1484 2189 recedit
1512 2142 1680 2211 praetenta

132 2248 208 2301 sus,
233 2243 318 2308 quse
342 2241 430 2284 nnnc
448 2243 511 2306 per
533 2223 668 2286 annales
684 2223 879 2310 compendio
937 2217 1085 2282 laborum
1115 2223 1249 2307 requie,
1284 2239 1318 2288 et
1348 2228 1529 2290 studiorum
1556 2250 1681 2298 amore.

131 2325 370 2391 enarrabimus.
698 2334 732 2390 J.
937 2319 1006 2381 Alii
1023 2321 1109 2384 istud
1127 2323 1255 2388 consilii
1273 2341 1401 2410 captum
1426 2329 1535 2392 taedio
1556 2323 1680 2408 uxoris,

199 2425 243 2494 V.
260 2427 300 2489 (i.
316 2427 392 2507 734.
435 2425 623 2490 menum
641 2448 715 2491 cum
732 2427 881 2490 exercitu
937 2422 1012 2500 ulii,
1034 2445 1078 2489 ue
1105 2447 1260 2508 praesens
1277 2428 1355 2511 Cajo
1372 2443 1405 2491 et
1421 2431 1524 2493 Lucio
1550 2431 1680 2496 obstare

138 2531 310 2612 ingressus
332 2546 473 2609 regnum
497 2529 632 2613 Tigrani
653 2529 813 2605 restituit,
842 2549 880 2591 ac
936 2524 1123 2604 rideretur,
1146 2527 1331 2594 credidere.
1360 2531 1586 2596 Posteriorem
1608 2554 1682 2597 cau·

138 2653 201 2716 pro
217 2627 375 2692 tribunali
389 2628 537 2694 diadema
555 2630 722 2714 imposuit,
748 2651 792 2693 ex
814 2651 879 2713 quo
938 2645 1005 2687 snm
1022 2627 1094 2710 ipse
1115 2629 1219 2692 serius
1237 2630 1405 2693 consessus
1428 2645 1478 2694 est
1499 2631 1543 2716 d).
1572 2634 1681 2708 Vitam

139 2731 250 2817 eoepit
262 2752 424 2795 summum
437 2733 611 2817 imperinm
628 2733 750 2815 agitare
760 2733 879 2799 animo.
936 2725 969 2787 in
988 2727 1092 2792 insula
1105 2731 1297 2814 popularem
1318 2754 1355 2796 ac
1373 2733 1502 2797 civilem
1521 2735 1606 2819 egit,
1629 2758 1681 2800 se-

136 2834 279 2917 Recepit
293 2832 392 2897 etiam
409 2834 501 2920 signs
517 2838 562 2897 M.
578 2836 696 2901 Crasso
713 2856 732 2900 a
747 2836 879 2899 Parthis
936 2830 1001 2890 mel
1026 2843 1146 2893 tantum
1172 2832 1247 2895 trib.
1266 2837 1434 2916 potestatis
1456 2834 1530 2915 jure
1554 2836 1681 2900 exerci-

135 2936 289 3019 sdenpss
303 2930 348 3014 b),
937 2943 989 3009 to,
1011 2930 1099 3015 quod
1116 2933 1235 2994 lactum
1251 2949 1358 2996 narrat
1376 2936 1550 2998 Suetonius
1565 2940 1607 3016 0).

194 3036 291 3103 ΠΖ.
306 3036 383 3117 738.
405 3036 560 3113 Praetor,
578 3038 738 3121 simulque
755 3039 789 3100 in
806 3038 880 3102 Gal·
998 3031 1040 3099 V·
1059 3035 1096 3094 C·
1119 3034 1192 3115 753.
1235 3036 1386 3098 Exeunte
1416 3036 1490 3099 trib.
1510 3036 1680 3119 potestatis

134 3140 210 3203 liam
226 3158 303 3201 cum
317 3139 466 3221 Angusto
480 3138 707 3221 proficiscitur.
729 3138 837 3221 (Dio.)
938 3130 1158 3233 quinquennio
1180 3134 1321 3198 reditum
1342 3138 1479 3199 Romam
1502 3136 1680 3216 desiderat,

196 3242 242 3306 V.
260 3240 298 3301 C.
317 3240 392 3319 739.
434 3240 577 3303 ithacius
595 3263 658 3305 una
682 3261 756 3304 cum
776 3241 878 3305 fratre
937 3238 996 3301 sed
1026 3238 1101 3321 quia
1130 3237 1311 3301 reluctante
1341 3241 1488 3322 Augusto
1520 3240 1678 3316 discessit,
1797 3240 1805 3257 '

132 3345 245 3407 limae
261 3340 394 3424 subigit.
416 3342 524 3421 (Dio.)
934 3362 1002 3403 non
1016 3342 1177 3423 impetrat.
1201 3338 1349 3401 Substitit
1366 3339 1466 3423 igitur
1480 3342 1589 3404 Rhodi
1605 3366 1680 3427 qua·

195 3446 242 3509 V.
257 3443 295 3507 (ἶ.
311 3452 385 3519 741.
429 3442 551 3505 Consul
573 3443 702 3531 collega
730 3441 877 3538 Quincti·
936 3442 965 3504 si
985 3443 1115 3525 legatus
1138 3442 1178 3503 ab
1205 3444 1371 3525 Augusto,
1410 3444 1468 3505 sed
1494 3444 1621 3506 abditus
1644 3444 1680 3506 in

131 3546 178 3611 iio
193 3546 301 3615 Vero·
937 3544 1024 3627 agris
1049 3534 1320 3619 mediterraneis,
1339 3556 1372 3605 et
1399 3542 1548 3625 deposito
1572 3547 1679 3628 patrio

195 3646 294 3713 VXC.
313 3656 388 3729 742.
428 3644 671 3707 Pannoniosad
687 3646 879 3731 obsequium
937 3642 1048 3706 habitu
1067 3646 1106 3707 ad
1125 3645 1275 3728 pallium,
1298 3658 1331 3706 et
1348 3644 1496 3725 crepidas
1515 3646 1678 3721 redactus,

134 3760 285 3824 mouet,
315 3760 351 3809 et
373 3760 491 3829 negato
515 3746 680 3829 triumpho
699 3747 880 3811 honoribus
937 3760 1032 3831 atque
1049 3746 1154 3807 indies
1170 3743 1399 3826 contemptior,
1414 3745 1589 3829 praecipue
1604 3766 1679 3807 cum

136 3846 389 3933 triumphalibus
405 3862 549 3913 ornatur.
573 3850 678 3929 (Dio).
938 3848 1032 3929 Cajus
1047 3848 1165 3909 Caesar
1182 3858 1248 3907 tum
1265 3846 1298 3907 in
1311 3845 1483 3909 Orientem
1500 3846 1678 3925 proiectus,

193 3950 241 4017 V.
257 3952 297 4013 C.
315 3950 391 4033 743.
417 3948 553 4012 iubetur
572 3950 747 4033 repudiare
767 3952 880 4035 Vipsa·
937 3946 1087 4029 cuiapud
1099 3948 1226 4008 Samum
1246 3960 1445 4025 occurreret,
1465 3946 1527 4009 sihi
1542 3948 1679 4011 alienior

137 4055 226 4117 uhu
261 4050 495 4136 Agrippinam,
527 4066 562 4115 et
596 4048 709 4115 luliam
743 4052 882 4135 Augusti
938 4062 1026 4111 essct
1044 4060 1231 4131 compertus
1253 4046 1289 4123 s).

136 4156 256 4232 tuan,
281 4168 316 4217 et
333 4156 379 4216 li.
395 4153 562 4237 Agrippae
590 4154 719 4216 viduum
746 4154 880 4217 ducere.
1005 4152 1042 4215 V.
1060 4151 1097 4215 C.
1122 4152 1197 4230 755.
1243 4148 1322 4212 Post
1344 4150 1491 4214 octennii
1513 4172 1677 4217 secessum

138 4257 306 4321 Dalmatas
328 4277 366 4319 ac
391 4256 576 4319 Pannonios
605 4254 713 4318 denuo
740 4257 881 4321 infestat.
939 4250 1136 4336 deprecante
1164 4252 1280 4343 Livia,
1305 4266 1339 4314 et
1366 4254 1573 4337 permittente
1600 4254 1678 4334 Caio

137 4358 249 4442 (uto.)
939 4356 1031 4419 Caes.
1051 4354 1232 4417 restituitur
1250 4354 1388 4437 patriae,
1411 4376 1448 4417 ea
1465 4370 1570 4417 tamen
1591 4354 1677 4437 lege,

196 4458 243 4527 V.
257 4456 296 4522 C.
316 4460 394 4540 745.
422 4457 548 4521 Fratris
575 4458 676 4521 Drusi
690 4456 724 4518 in
747 4456 882 4521 Germa·
937 4478 981 4521 ne
997 4477 1091 4542 quam
1108 4470 1233 4540 partem
1250 4458 1333 4541 reip.
1348 4458 1523 4539 attingeret
1538 4458 1579 4538 e).
1600 4450 1680 4519 Per·

172 4682 335 4761 sjcspa.
397 4682 522 4755 b)Dio,
542 4682 741 4755 susteneo.
805 4684 837 4755 ο)
850 4680 924 4750 Dio,
942 4678 1024 4739 Suet.
1039 4688 1101 4750 οο.
1164 4677 1199 4751 d)
1214 4678 1387 4739 Suetoto.
1406 4690 1448 4739 tt.
1508 4680 1675 4771 e)eap.tt.

137 4770 258 4843 Osset.
275 4784 356 4837 ott.
372 4784 415 4837 15.
485 4773 521 4847 3)
538 4771 619 4831 Suet
634 4780 712 4836 etl·
729 4780 771 4835 15.
