4267 5500
596 543 616 592 l
727 553 778 626 M.
809 551 1130 642 ANTONIVS.

168 719 277 786 adferri
294 737 392 804 posse
409 737 545 781 cansam.
572 718 734 800 Primam,
755 724 899 808 qnod‘ex

165 823 262 886 Dione
290 821 388 884 rideo
414 822 462 902 ¹),
499 821 677 884 Antonium
711 824 776 908 jam
806 847 898 890 *anno

164 925 199 990 V.
220 925 253 988 C.
281 925 364 1004 710,
401 937 433 987 ct
468 921 556 1008 quod
588 925 752 1008 seqnitur,
792 927 897 990 amico
937 963 939 968 ,

164 1024 443 1100 adbucCaesarc,
482 1025 528 1087 sic
560 1026 753 1109 Cleopatrae
785 1049 896 1092 amore

152 1127 356 1202 ·iusanirisse,
386 1139 507 1188 utnon
530 1125 709 1205 dubitaret,
741 1130 824 1192 natis
852 1152 895 1196 ex

162 1249 209 1304 se,
228 1241 259 1290 et
277 1229 452 1311 Cleopatra
471 1227 585 1289 liberis
603 1230 720 1294 multas
737 1232 893 1313 Arabiae,

159 1331 346 1408 Phoenices,
390 1331 608 1409 Palaestinae,
659 1333 776 1398 Cretae
819 1358 893 1420 por-

159 1447 217 1510 tes,
237 1433 339 1518 ipsam
361 1432 460 1496 etiam
483 1425 651 1518 Cyrenen,
679 1438 889 1522 etCyprnm,

146 1536 302 1600 Romanas
346 1555 466 1620 nempe
509 1535 694 1620 provincias
739 1539 873 1624 elargiri
883 1525 900 1620 ,¹

157 1659 222 1701 mox
240 1641 278 1706 V.
298 1640 337 1701 C.
357 1657 441 1717 720,
465 1652 501 1701 nt
526 1637 565 1700 ad
588 1639 817 1706 hunc-annum
846 1644 893 1705 di·

157 1740 200 1814 xi,
233 1739 471 1822 pulcherrimas
502 1740 619 1802 iisdem
650 1741 765 1821 Asiae,
804 1744 892 1805 Atri-

156 1861 263 1926 caeque
303 1842 493 1924 provincias
534 1841 701 1911 addicere.
751 1847 891 1908 Tantum

155 1943 263 2006 lacinus
291 1944 352 2029 qui
381 1965 476 2008 ausus
503 1961 574 2008 erat
598 1947 704 2030 palam
732 1960 828 2031 atque
852 1945 891 2007 -in

153 2047 216 2108 lnce
238 2059 417 2121 attentare,
445 2046 549 2109 levius
573 2063 664 2138 certe
691 2048 812 2136 aliquid
836 2071 892 2112 au·

155 2168 200 2208 sus
220 2160 282 2224 est,
314 2159 393 2209 cum
422 2147 456 2208 in
485 2163 616 2212 moneta
639 2150 698 2211 hac
722 2171 823 2212 aenea
845 2161 891 2212 at·

150 2269 203 2331 qne
222 2249 364 2331 ignobili
386 2249 538 2333 reginam
566 2241 725 2334 pellicem
750 2250 812 2313 sibi
838 2269 889 2313 so·

149 2348 217 2410 cieri
233 2363 282 2410 cst
301 2371 436 2432 passus,
458 2373 566 2436 neque
580 2337 720 2416 ¹necesse
739 2366 789 2415 est
809 2372 884 2414 cum

148 2451 333 2526 blazroleno
365 2467 525 2532 statuere,
560 2475 628 2517 non
658 2475 756 2538 posse
785 2456 887 2518 Anto·

147 2551 224 2612 aium
248 2573 321 2614 cnm
356 2557 531 2639 Cleopatra
558 2557 807 2641 comperiente
833 2579 887 2619 an·

145 2673 213 2714 num
234 2656 275 2722 V.
301 2658 342 2722 C.
368 2675 449 2738 για,
470 2677 542 2742 quo
563 2658 696 2720 tandem
719 2672 815 2742 rupta
840 2657 888 2719 in·

146 2768 191 2817 ter
224 2772 403 2844 utramque
447 2760 600 2826 lllvirum
637 2750 717 2846 pax,
758 2759 891 2853 quando*

144 2862 237 2923 multo
267 2876 348 2925 aute
379 2863 557 2924 Antonium
588 2863 742 2946 *graviora
772 2883 887 2925 ausum
916 2922 918 2927 .

147 2962 293 3029 ridemus.
324 2964 443 3027 Altera
467 2985 561 3027 cansa
584 2965 652 3049 peti
678 2976 787 3047 potest
808 2985 826 3024 a
847 2962 887 3023 li·

145 3062 244 3127 bidine
277 3065 536 3148 praefectorum·
581 3066 731 3142 Constat,
766 3065 885 3126 h'orum

144 3164 229 3241 alios,
261 3187 348 3251 qnos
372 3166 560 3233 reverentia
582 3168 721 3230 Romani
744 3165 885 3228 nominis

143 3266 251 3343 tenuit,
270 3268 421 3349 graviter
435 3268 549 3330 tulisse
565 3268 779 3331 immoderata
801 3267 884 3331 hacc

142 3368 328 3429 Antonii'in
351 3370 556 3453 Cleopatram
582 3354 702 3445 studii,
726 3382 760 3431 et
783 3369 883 3431 fuisse

143 3470 248 3548 ctiam,
280 3470 340 3555 qni
370 3462 430 3535 bac
460 3493 522 3533 nna
550 3470 592 3533 dc
620 3492 714 3534 causa
739 3470 781 3533 ad
806 3472 886 3533 Cae·

141 3572 214 3634 saris
235 3586 352 3655 partes
373 3571 560 3636 transirent.
589 3572 634 3635 At
655 3573 750 3635 fuere
773 3572 885 3651 etiam,

140 3674 190 3755 qni
205 3676 314 3758 turpis
333 3685 486 3758 quaestus
512 3693 606 3736 causa
628 3694 700 3736 eam
728 3674 884 3737 insaniam

140 3788 188 3835 ant
219 3774 394 3853 ferebant,
434 3770 489 3838 aiut
521 3774 619 3837 etiam
652 3774 882 3859 approbabant.

138 3876 184 3937 Ex
198 3875 320 3939 borum
335 3894 475 3939 numero
490 3876 591 3941 inisse
602 3879 776 3941 Canidiam
790 3880 885 3942 Cras·

136 3998 219 4055 snm,
248 4000 354 4041 onom
381 3999 429 4068 ex¹
452 3980 636 4064 praecipuis
662 3980 796 4044 Antonii
824 3978 884 4041 do·

135 4080 237 4158 cibus,
262 4082 357 4143 numi
377 4080 443 4164 ipsi
462 4080 602 4165 docent3
627 4105 699 4145 nom
719 4103 786 4144 non
809 4074 883 4143 ern·

131 4180 197 4244 buit
233 4183 339 4247 bomo
375 4182 540 4267 impuros,
582 4204 682 4247 numo
718 4182 881 4267 Aegyptio

133 4285 328 4369 Cleopatrae
346 4284 467 4361 solius,
490 4306 588 4369 quem
613 4286 647 4346 in
671 4284 765 4367 bajus
792 4274 879 4367 rogi-

133 4406 187 4447 nae
221 4370 358 4449 monet'a
390 4385 590 4471 descriptum
625 4386 792 4463 dedimus,
821 4405 879 4446 no·

133 4508 205 4548 rnen
228 4509 324 4551 suom
348 4486 547 4569 inscribere,
566 4488 720 4551 nimirum
741 4502 778 4551 ut
800 4508 878 4574 que·

131 4587 450 4671 rirnrnoratiusb):
552 4655 556 4661 ,

1657 575 1710 653 63'

1022 728 1310 810 Romonrecdelteu
1323 737 1453 813 posteri
1470 735 1651 819 negabitis)

1063 832 1304 910 Emanciputus
1314 834 1470 916 seminat·

1018 934 1095 998 Fert
1113 931 1307 1020 vollumpet
1330 955 1424 998 ormo
1442 938 1558 1014 rnileo,
1577 948 1611 998 et
1628 957 1702 1018 spu-

999 1101 1029 1121 ›.
1326 1017 1336 1039 ’
1478 1039 1619 1099 donibus

1020 1132 1152 1196 Soteira
1171 1139 1304 1216 rugosis
1318 1147 1440 1216 potest.

952 1237 1060 1320 Atque
1089 1235 1152 1296 huc
1181 1254 1260 1298 vere
1287 1236 1450 1317 pertinet,
1481 1237 1570 1322 quod
1595 1234 1702 1301 refert
1750 1253 1754 1264 ’

950 1339 1015 1400 Βίο
1036 1340 1085 1421 c),
1114 1330 1321 1419 Cleopatram
1350 1338 1394 1400 ita
1419 1337 1483 1400 sibi
1503 1339 1699 1432 Antoniam,
1783 1367 1787 1374 ·

949 1453 984 1505 et
1018 1452 1169 1518 ceteros,
1205 1439 1262 1522 qni
1290 1438 1325 1499 in
1357 1439 1464 1525 aliqua
1499 1441 1587 1526 apud
1623 1462 1702 1506 eum

947 1540 1188 1604 existimatione
1214 1539 1361 1618 suerent,
1391 1543 1484 1606 velut
1510 1543 1700 1608 incantatio·

949 1664 992 1708 ne
1023 1640 1162 1728 quadarn
1198 1641 1403 1719 devinxisse,
1436 1657 1473 1706 nt
1504 1645 1566 1706 sibi
1595 1646 1699 1729 impe·

947 1743 1033 1806 rium
1049 1744 1083 1805 in
1097 1742 1262 1838 Romanos
1278 1744 1367 1826 ipsos
1385 1745 1522 1808 auderet
1534 1746 1697 1828 polliceri.
1744 1818 1754 1844 ⁸

948 1846 1080 1908 Horum
1103 1849 1186 1928 ergo
1208 1844 1279 1920 alii,
1303 1845 1358 1928 qui
1380 1847 1481 1928 magis
1504 1846 1605 1909 sobrii
1626 1849 1697 1912 fuc-
1773 1833 1782 1844 ⁴

942 1968 1005 2024 re,
1036 1959 1190 2031 poterant
1217 1948 1360 2029 Antonio
1388 1947 1556 2013 Octaviam
1584 1949 1696 2032 conjn-

948 2071 1024 2134 gem
1053 2047 1250 2131 legitimam,
1281 2049 1336 2120 alii
1368 2051 1574 2134 Cleopatram
1607 2051 1698 2112 adul·

945 2166 1049 2213 teram
1073 2149 1211 2215 sociare.
1242 2151 1309 2211 Sed
1332 2151 1414 2214 haec
1435 2152 1597 2234 copiosius
1620 2151 1696 2214 illu·

939 2250 1078 2314 stranda
1097 2252 1322 2333 permittamus
1339 2253 1497 2336 tempori,
1521 2253 1608 2335 quod
1627 2254 1695 2316 for·

944 2366 978 2439 te
999 2352 1173 2437 aliquando
1190 2354 1416 2444 pl'nreslhujus
1433 2355 1616 2438 argumenti
1635 2377 1695 2418 nu·

944 2477 1032 2529 mos,
1054 2475 1180 2539 cosque
1201 2455 1305 2540 magis
1326 2457 1474 2541 integros
1496 2455 1692 2539 spectandos

944 2553 1046 2623 dabit.
1172 2569 1176 2576 '

1009 2659 1193 2740 Supersunt
1207 2657 1397 2742 explicanda
1413 2659 1537 2743 aliqua,
1555 2679 1637 2742 quoe
1651 2658 1693 2722 ad

943 2758 1181 2845 inscriptionis,
1206 2774 1239 2823 et
1257 2774 1352 2845 typos
1372 2774 1528 2845 spectant.

1008 2866 1044 2923 ln
1062 2862 1228 2925 nonnullis
1245 2877 1320 2945 post
1337 2883 1451 2924 omnes
1471 2863 1629 2945 praelecti
1653 2863 1692 2926 ti·

943 2964 1030 3026 tulos
1048 2964 1211 3026 adduntur
1229 2964 1346 3026 literae
1362 2965 1401 3028 F.
1416 2965 1452 3026 C.
1475 2966 1599 3028 Novam
1620 2984 1693 3025 sen·

942 3065 1078 3127 tentiam
1095 3077 1297 3127 commentus
1313 3076 1363 3126 est
1380 3063 1547 3140 Panelius‚
1561 3085 1620 3127 eas
1635 3086 1693 3127 ex·

939 3166 1083 3249 plicanst
1111 3166 1353 3229 PRAEFectus
1378 3166 1506 3227 Claussi
1527 3166 1692 3228 Foedera·

943 3278 1053 3329 tarum
1077 3268 1273 3347 copiarum,
1302 3288 1398 3349 quam
1420 3266 1564 3327 refutare
1587 3265 1690 3351 piget}

942 3368 1007 3429 Eas
1028 3360 1140 3430 literas
1160 3368 1224 3451 jam
1247 3366 1417 3429 habuimus
1438 3368 1471 3429 in
1494 3368 1599 3429 numis
1619 3369 1703 3434 Ἰὼ

940 3489 1018 3547 cae,
1049 3482 1083 3532 et
1111 3468 1146 3529 in
1174 3468 1315 3531 denariis
1342 3467 1457 3550 Eppii‚
1487 3467 1520 3527 in
1549 3490 1689 3553 qnorum

943 3569 1092 3633 examine
1109 3568 1264 3646 diximus,
1287 3590 1345 3631 eos
1363 3567 1564 3651 significare:
1588 3569 1689 3633 Flan-
1709 3554 1713 3561 ¹

941 3675 1036 3749 dum,
1053 3673 1108 3736 vel
1125 3672 1327 3734 Feriundum
1343 3672 1497 3746 Censuit,
1516 3668 1611 3753 qnam
1630 3693 1687 3734 ex·

940 3772 1150 3855 plicationem
1171 3771 1285 3834 rnaluit
1306 3791 1435 3855 quoque
1452 3771 1685 3855 Bimardusd).
1793 3861 1796 3866 ⁴
1860 3833 1863 3838 ,

939 3874 1069 3937 Literas
1099 3875 1134 3935 in
1162 3873 1213 3935 bis
1240 3869 1532 3935 unmia'solitarias
1553 3875 1605 3951 A,
1637 3861 1684 3953 B',

939 3970 981 4052 Γ,
1016 3974 1063 4053 Δ,
1098 3975 1146 4038 ΔΙ
1174 3997 1242 4039 ιιοιι
1271 3994 1368 4059 posse
1400 3973 1547 4038 indicare
1580 3997 1681 4038 annos

939 4073 1182 4161 praefecturae,
1212 4076 1272 4140 sed
1297 4088 1412 4138 notare
1434 4076 1556 4160 aliquid
1577 4078 1683 4140 incer-

938 4192 1027 4257 tum,
1061 4201 1160 4263 supra
1187 4180 1221 4240 in
1252 4178 1330 4263 ipsis
1359 4178 1410 4239 bis
1440 4180 1681 4241 commentariis

937 4280 1086 4344 diximus.
1123 4286 1237 4365 Ignota
1276 4280 1374 4343 etiam
1412 4280 1604 4365 significatIo
1640 4281 1680 4341 li-

936 4395 1080 4447 terarum
1095 4385 1169 4460 HS,
1192 4402 1274 4467 quac
1297 4394 1372 4444 sunt
1388 4381 1421 4441 in
1439 4378 1605 4443 nonnullis
1626 4392 1680 4445 ae·

935 4485 1006 4547 neis
1037 4485 1169 4568 majoris
1197 4483 1338 4550 formae..
1371 4484 1615 4565 Ilavercampus
1637 4484 1680 4546 ai·

935 4586 1006 4649 mili
1030 4600 1107 4651 nota
1132 4587 1165 4647 in
1188 4605 1288 4647 numo
1311 4583 1451 4646 Atratini
1476 4581 1607 4667 putabat
1630 4587 1679 4648 in·

165 4800 192 4865 s:
215 4794 454 4867 natureae.
527 4796 562 4867 n)
583 4784 939 4875 a:,›0a.ou.u.v.n.‘
984 4772 1183 4865 creusa.
1258 4791 1293 4862 a)
1306 4789 1345 4847 aa
1358 4788 1465 4846 unos
1480 4790 1561 4850 uu.
1575 4812 1605 4868 p.
1617 4794 1675 4857 aaa.
