4267 5500
636 634 640 639 ,
714 586 719 601 ·
766 550 817 628 ta.
848 508 1144 629 scetere-
1647 561 1743 645 ssa<

168 714 266 793 muns*
290 726 392 813 gessit
414 726 456 795 V.
474 726 512 790 C.
538 747 636 810 717.,
663 724 802 789 'alterum
831 722 918 807 776,Ι
971 738 1007 819 ut
1029 744 1162 787 omnem
1178 721 1289 808 juveni
1305 720 1447 789 affectati
1466 723 1597 810 imperii
1614 728 1738 814 auspi·
1769 802 1775 813 ,

167 833 300 895 tertium
328 850 404 913 727.
449 828 536 923 Quin
562 840 596 890 et
620 846 704 889 anuo
730 828 771 893 V.
791 827 828 890 C.
850 827 918 909 733
971 827 1100 890 cionem
1116 825 1293 904 adimeret,
1313 826 1347 889 in
1364 828 1654 894 Asiamconcessit
1667 833 1721 916 ³).

168 934 332 1018 generum
355 932 418 994 sibi
444 938 609 1014 Augustus
628 928 763 993 adscivit
786 930 858 991 deta
884 927 916 991 ei
974 928 1065 992 Nihil
1094 949 1174 993 vero
1203 928 1306 1011 magis
1334 929 1515 1007 admirere,
1547 954 1642 1017 quam
1664 948 1721 998 ee·

168 1037 202 1097 iu
239 1034 484 1099 matrimonium
533 1031 599 1093 lilia
641 1031 722 1094 iulia
758 1028 834 1091 inde
877 1028 942 1091 ab·
976 1029 1139 1114 quabilem
1154 1031 1234 1114 ejus,
1254 1052 1292 1095 ac
1310 1047 1470 1116 perpetuo
1488 1034 1551 1095 sibi
1571 1050 1723 1099 conatuu-

169 1137 337 1218 unuo731
362 1140 409 1200 Μ.
433 1132 584 1197 Marcelli
613 1130 725 1210 vidua,
761 1130 918 1194 suadente
975 1140 1043 1196 te'm
1071 1132 1232 1216 propositi
1259 1133 1429 1200 rationem.
1479 1136 1562 1197 Nam
1596 1157 1671 1199 cum
1697 1135 1738 1201 a»

168 1238 255 1300 istud
272 1240 465 1300 Maecenate
485 1236 535 1297 bis
555 1233 681 1301 verbis:
704 1246 835 1297 tontum
848 1234 918 1312 jam
975 1247 1092 1297 tenero
1128 1233 1336 1312 instituisset,
1374 1256 1493 1299 omne·
1508 1258 1602 1300 suum
1619 1239 1724 1323 iuge·

172 1340 359 1423 Agrippam
382 1342 524 1423 fecisti,
558 1350 596 1399 ut
630 1336 684 1397 cel
709 1353 812 1416 gener
841 1347 920 1395 tuus
975 1335 1065 1397 nium
1081 1355 1119 1397 ac
1135 1334 1278 1398 viresad
1297 1358 1396 1398 uuum
1415 1339 1595 1402 ornandum
1609 1341 1725 1424 Augu·

159 1438 250 1525 fiet,
271 1442 327 1503 cel
348 1444 521 1503 occidatur
536 1458 667 1499 neccsse
682 1439 728 1497 sit
749 1436 790 1517 ¹).
820 1434 862 1501 V·
881 1434 918 1495 C·
976 1452 1060 1501 stum
1089 1436 1262 1511 conferre,
1284 1438 1317 1497 iu
1337 1458 1378 1499 ec
1396 1439 1537 1523 consilio
1555 1461 1660 1526 usque
1680 1439 1727 1504 ad·

170 1542 233 1625 736
247 1540 454 1603 tribuniciam
472 1540 504 1601 ei
520 1549 713 1623 potestatem
730 1534 868 1599 contulit
884 1532 917 1615 ¹⁸)
976 1540 1061 1604 vitae
1082 1537 1181 1601 finem
1205 1540 1445 1621 perseveravit,
1475 1554 1509 1603 et
1538 1542 1565 1604 si
1593 1537 1724 1627 maudo

171 1641 310 1705 subirtde
339 1644 393 1707 V..
408 1643 444 1706 C.
472 1650 530 1723 74¹
561 1641 595 1701 in
629 1635 717 1700 aliud
741 1637 920 1721 quinquen·
976 1641 1030 1703 bic
1047 1641 1118 1723 ejus
1131 1640 1277 1703 consiliis
1294 1663 1359 1703 uon
1374 1641 1635 1724 obtemperaret,
1654 1659 1724 1709 tun·

171 1744 259 1809 nium
271 1756 482 1829 prorogatam
506 1746 544 1823 c).
566 1742 662 1804 Auno
681 1740 812 1801 demum
829 1738 919 1805 Ἠ).
976 1756 1045 1809 tum
1074 1742 1194 1818 abluit,
1231 1756 1267 1803 ut
1288 1744 1430 1805 animum
1452 1733 1651 1822 obstineret,
1687 1758 1724 1809 ut

171 1860 230 1925 742
255 1845 364 1910 redux
386 1866 405 1909 e
429 1845 519 1907 bello
538 1842 711 1906 adversum
733 1839 919 1903 Pannonico
977 1844 1074 1907 etiam
1103 1846 1287 1926 Augustum
1316 1846 1428 1907 multo
1460 1847 1523 1908 alia
1547 1847 1725 1911 colentem

171 1947 391 2033 inCampauia
405 1944 522 2009 morbo
542 1944 719 2007 exstinctus
737 1956 787 2004 est
805 1959 918 2005 meuse
977 1944 1137 2031 egregie„
1154 1966 1192 2009 ue
1207 1943 1350 2009 fideliter
1367 1944 1544 2028 adjuraret.
1576 1948 1632 2011 Sie
1647 1968 1724 2014 cum
1781 1998 1785 2005 .

172 2051 291 2114 nuria
308 2052 459 2133 Augusto
474 2050 599 2111 Romae
617 2043 828 2129 quinquatrus
845 2060 940 2127 per·
975 2048 1074 2115 inv.
1098 2048 1135 2111 C.
1171 2049 1234 2127 725
1271 2047 1368 2111 bellis
1402 2047 1554 2112 civilibus
1590 2051 1723 2133 penitus

171 2165 291 2237 agente
316 2150 360 2233 d).
394 2152 456 2218 Vir
471 2149 532 2212 fuit
549 2150 636 2210 inter
659 2146 820 2221 summds,
837 2164 919 2228 quos
975 2148 1157 2233 prolligatis
1188 2162 1302 2211 auctor
1331 2150 1470 2234 principi
1500 2150 1723 2216 restituendae

171 2254 263 2318 orbis
281 2272 424 2337 unquam
442 2252 537 2327 tulit,
560 2246 799 2322 numerandus,
824 2265 919 2329 quam
977 2252 1061 2335 reip.
1084 2263 1188 2328 esset,
1220 2250 1280 2313 sed
1311 2251 1364 2314 hic
1386 2252 1585 2317 Maecenatis
1614 2253 1724 2316 consi-

170 2356 303 2419 laudem
333 2355 407 2435 jure
430 2352 493 2415 sibi
522 2352 663 2417 uindicat
688 2360 921 2430 cum'propter
976 2354 1066 2417 lium
1083 2365 1214 2416 secutus
1236 2351 1452 2435 principatum
1478 2352 1624 2418 retinere
1639 2349 1742 2438 'per-¹

169 2480 226 2521 res
242 2458 338 2520 bello
355 2478 393 2520 ac
416 2474 500 2539 pace
516 2450 776 2538 praeclarissime
793 2462 919 2531 gestes,
978 2438 1183 2539 ἐρωτήσῃ
1198 2452 1297 2515 modo
1316 2453 1428 2539 inique
1447 2476 1524 2518 non·
1538 2457 1612 2519 ralis
1629 2478 1723 2520 suam

172 2573 241 2622 tum
269 2556 359 2643 quod
392 2577 466 2619 cum
490 2556 550 2619 bac
572 2538 669 2619 laude
690 2549 920 2613 incredibilem
976 2553 1116 2618 fastidiri
1143 2555 1354 2633 senteutiam,
1385 2578 1497 2621 rernm
1528 2558 1624 2622 etiam
1646 2579 1725 2625 com

173 2662 451 2734 moderationem,
485 2677 573 2720 raro
590 2657 624 2717 in
652 2653 784 2716 bomine
811 2663 920 2714 tantae
977 2656 1245 2734 uersoconailio,
1271 2658 1430 2743 quidquid
1441 2660 1476 2722 in
1496 2682 1532 2725 se
1549 2674 1620 2724 erat
1637 2662 1729 2745 opis,

175 2765 324 2828 iomunae
363 2760 532 2844 exemplo,
574 2756 761 2842 conjunxit,
800 2767 851 2830 ct,
893 2751 923 2814 εἰ
979 2759 1036 2822 ad*
1056 2758 1287 2822 stabiliendum
1317 2762 1483 2847 Augusto,
1519 2777 1562 2831 et,
1591 2761 1745 2826 admini-¹

176 2866 320 2949 Agrippa
357 2863 545 2926 minus'est
576 2860 610 2922 in
640 2879 699 2922 ore
735 2857 920 2932 hominum,
980 2859 1145 2924 strandum
1181 2874 1292 2923 sancte
1327 2876 1361 2924 et
1388 2863 1517 2947 integre
1548 2863 1724 2948 imperium

177 2987 269 3052 quam
287 2977 381 3028 tanta
402 2965 504 3029 virtus
528 2961 697 3027 videbatur
720 2955 922 3044 promereri,
980 2963 1133 3040 contulit,
1158 2961 1353 3046 effecitque,
1378 2979 1413 3026 ut
1429 2979 1484 3026 eut
1501 2984 1568 3027 nou
1586 2968 1726 3030 sentiret

176 3069 208 3130 iu
225 3090 323 3132 causa
341 3080 410 3145 est,
433 3066 521 3150 quod
542 3065 836 3146 rerumgestarum
854 3058 923 3143 glo·
978 3063 1119 3147 populns
1161 3083 1355 3129 conuersum
1388 3065 1478 3148 reip.
1500 3066 1636 3144 statum,
1670 3081 1727 3134 aut

177 3171 255 3234 rium
276 3169 383 3252 magis
408 3169 521 3234 uirtuti
541 3165 698 3249 Augusti,
727 3184 821 3248 quam
846 3179 923 3224 sune
980 3166 1167 3228 libertatem
1188 3179 1338 3231 ueterem
1365 3188 1431 3230 nou
1448 3189 1648 3253 magnopere
1670 3169 1744 3233 der

177 3271 381 3336 tribuendam
421 3269 515 3334 credi
543 3269 658 3332 uoluit.
701 3265 755 3327 Ad
778 3265 923 3329 bonores
980 3267 1151 3334 sideraret.
1195 3267 1270 3362 Quo
1285 3269 1458 3352 praeclaro
1480 3271 1627 3335 instituto
1647 3293 1726 3337 cou-

177 3396 239 3447 uou
264 3373 423 3449 accessit,
447 3371 511 3442 nisi
528 3370 569 3432 ad
587 3391 645 3434 eos
663 3381 815 3444 vocatus,
842 3364 924 3428 mul·
980 3381 1112 3433 secutus
1135 3381 1204 3449 est,
1233 3384 1270 3433 ut
1294 3393 1361 3434 non
1387 3373 1524 3437 haberet
1549 3375 1741 3461 antiquitas·

178 3491 292 3564 tosque
319 3477 409 3539 ultro
438 3474 583 3551 oblatos,
619 3485 656 3535 ut
680 3467 862 3553 triumphos
885 3487 923 3531 ac
978 3471 1160 3556 perfectius
1176 3472 1265 3535 aliud
1289 3495 1404 3538 eorum
1428 3477 1614 3561 exemplar,
1642 3461 1727 3563 quos
1815 3479 1819 3485 ’

178 3580 306 3657 titulos,
329 3591 482 3661 tauquam
504 3596 570 3638 non
596 3573 677 3650 sihi,
707 3570 766 3635 sed
785 3569 841 3633 uni
857 3569 941 3632 liu-⁴
979 3573 1146 3637 ministros
1160 3575 1288 3659 regios,
1316 3590 1370 3638 aut
1394 3577 1598 3644 consiliarios
1615 3579 1726 3663 appel·

181 3695 270 3766 gusto
295 3679 441 3757 debitos,
465 3677 637 3742 recusauit.
675 3676 786 3758 Atque
802 3693 841 3736 ea
855 3672 926 3756 quis
979 3676 1098 3754 lamus,
1138 3689 1234 3761 utque
1272 3676 1343 3758 ipse
1377 3701 1396 3741 a
1428 3678 1514 3741 fastu
1542 3680 1647 3756 omni,
1670 3701 1725 3746 *ac
1766 3727 1800 3743 ›.

180 3784 253 3848 dem
278 3781 440 3847 modestia
460 3801 527 3844 nou
553 3780 658 3845 solum
676 3798 790 3842 versus
805 3773 926 3860 princi·
981 3778 1157 3842 ambitione
1192 3778 1316 3841 alienos
1341 3779 1446 3863 major
1473 3795 1561 3846 esset
1585 3781 1725 3861 invidia,
1804 3771 1810 3780 ⁸

181 3906 269 3968 pem,
292 3885 350 3950 sed
378 3885 450 3969 ejus
474 3884 572 3947 etiam
598 3881 731 3945 domum
753 3879 825 3944 fuit.
868 3878 924 3940 San
981 3897 1073 3966 quae·
1090 3881 1192 3963 uulgo
1217 3879 1419 3945 inconsultos
1442 3883 1627 3969 principum
1650 3884 1729 3949 ami·

179 4010 220 4053 ne
239 4009 316 4053 curu
336 3979 925 4070 AugustusV.C.731gravivule·
980 4003 1040 4048 cos
1065 3978 1151 4045 solet
1169 3995 1338 4048 evertere.¹
1375 3985 1457 4048 Cum
1481 3984 1601 4051 bellica
1622 3987 1745 4072 gloria,

180 4091 290 4156 tudine
306 4089 349 4155 ad
364 4101 512 4154 extrema
525 4086 684 4152 deductus
699 4104 793 4149 suum
806 4081 926 4166 Agrip·
980 4082 1069 4168 pacis
1084 4083 1181 4147 etiam
1197 4098 1284 4148 artes
1297 4088 1433 4172 egregie
1443 4089 1622 4172 conjunxit.
1640 4091 1726 4164 ,Cum

180 4213 238 4277 pue
269 4194 441 4261 uuuulum,
454 4191 658 4266 tradidisset,
697 4205 838 4271 eumque
866 4184 925 4247 ho·
981 4184 1176 4250 seditionem
1184 4209 1240 4252 res
1248 4173 1414 4271 spectabat
1430 4211 1489 4254 seu
1505 4192 1539 4253 in
1556 4191 1649 4268 urbe,
1667 4209 1727 4254 seu
1778 4248 1780 4252 Α

181 4315 294 4360 uorem
313 4309 468 4381 tauquam
496 4293 558 4357 sihi
583 4291 728 4357 debitum
746 4286 936 4354 Marcellus
980 4287 1175 4372 provinciis,
1197 4304 1328 4375 praesto
1349 4292 1503 4357 contiuuo
1524 4292 1585 4355 fuit
1607 4291 1727 4376 Agrip·

180 4400 357 4482 irrideret,
384 4399 458 4483 ipse
482 4409 634 4462 recreato
657 4416 734 4460 mox
757 4396 924 4478 Augusto,
981 4413 1023 4476 pe
1046 4391 1088 4456 ab
1106 4395 1254 4478 Angusto
1276 4394 1412 4474 missus,
1438 4395 1530 4479 cnjus
1545 4393 1728 4478 praesentis
1824 4485 1830 4494 ὶ

220 4717 534 4795 ocultum-6.
623 4714 959 4792 b)DioL,.L1V.l.tt.
1052 4711 1265 4790 c).ibitl.§.28.
1352 4712 1544 4792 d)1)iol.c.x
1621 4717 1650 4792 e)
1667 4716 1725 4777 Dio

183 4808 299 4874 labili.
317 4812 468 4888 §.sotem
526 4939 530 4946 v
1429 4897 1502 4958 M
