4267 5500
710 590 759 667 n.
793 588 1109 669 aaronrva
1641 569 1708 693 ῃ,

135 758 166 819 ia
196 754 304 843 Saggi
326 758 365 823 di
390 757 536 823 Cottam
563 760 672 823 Tamo.
694 760 734 827 n.
760 782 792 846 p.
813 764 883 845 ιὸι,1
941 762 1096 833 continuo
1120 763 1290 831 in-looum
1316 777 1410 835 inum
1433 771 1513 837 iecit
1535 774 1576 839 L.
1595 778 1688 841 Semi
1776 820 1782 841 ι

134 858 254 943 passim
273 860 367 945 legas
384 860 534 939 111Dvs,
556 862 719 931 VALHR.
738 874 801 928 ete.
820 884 881 948 pro
923 865 1094 947 ⁸proninm
1115 866 1323 936 Atratinum..
1338 873 1435 936 Initio
1457 876 1546 941 reris
1568 879 1602 939 in
1626 885 1686 941 Ar·

135 962 286 1039 statvs,
318 964 498 1041 VALEN..
529 976 563 1026 et
591 977 700 1027 tamen
730 978 820 1029 certa
848 965 883 1028 ia
940 966 1140 1051 menia-ipse
1161 990 1319 1051 praesens
1336 972 1550 1042 Artavasden
1571 997 1688 1063 regem

132 1062 182 1126 lais
209 1062 331 1127 adeant
358 1064 494 1143 indicia,
524 1084 580 1129 eas
606 1067 632 1132 l.
654 1066 801 1130 Caesaris
824 1068 883 1131 im·
940 1065 1018 1129 dolo
1040 1081 1169 1152 captum
1193 1092 1268 1136 cam
1295 1075 1435 1161 conjoge
1460 1091 1494 1141 et
1512 1077 1626 1143 liberis
1652 1084 1686 1144 iu

133 1164 264 1249 perium
293 1180 518 1251 praevertere.
556 1168 610 1230 En
638 1187 704 1253 qno
730 1182 881 1253 apparet,
939 1167 1140 1253 triumphum
1157 1174 1390 1241 Alexandriam
1410 1178 1516 1259 dneit,
1537 1193 1572 1243 et
1590 1181 1686 1246 Cieo-

133 1266 220 1331 bane
250 1268 434 1353 scripturae
461 1267 615 1345 modam,
645 1268 709 1333 etsi
738 1291 757 1333 a
784 1271 880 1333 elaris
937 1284 1049 1353 patrae
1077 1271 1213 1357 ejusque
1239 1296 1313 1345 aum
1340 1299 1383 1345 ex
1409 1281 1581 1363 superiore
1608 1284 1689 1350 Cae·.

133 1370 354 1433 monumentis
370 1380 555 1447 extorrem,
576 1368 677 1433 fnisse
696 1382 805 1436 tamea
822 1370 881 1434 ilo·
938 1378 1028 1449 sare',
1050 1365 1120 1435 tum
1140 1395 1175 1438 se
1198 1375 1312 1440 liberis
1332 1380 1570 1463 pulcherrimas
1587 1385 1683 1449 Asiae

134 1486 229 1537 rente
250 1470 359 1537 adhue
379 1492 451 1555 rep.
474 1473 705 1549 vernaculum,
735 1486 769 1535 et
790 1495 882 1536 asur-
939 1472 1138 1559 Airioaeque
1156 1478 1341 1561 provincias
1362 1481 1493 1548 addicit.

134 1588 243 1657 patum
260 1598 280 1637 a
298 1572 556 1637 monetariorum
575 1592 680 1659 grege
697 1568 731 1635 in
750 1574 882 1657 provin·

133 1678 190 1739 riis
206 1676 366 1741 flammis
378 1674 422 1739 ad
438 1690 589 1741 monetae
604 1674 774 1760 negotium
790 1675 879 1741 adhi-
1027 1745 1032 1755 ,
1237 1662 1382 1728 Numi-⁰

132 1776 212 1842 him,
1097 1778 1266 1845 ANTON.
1284 1784 1385 1853 AVG.
1406 1788 1495 1851 lMP.
1511 1788 1681 1857 uncos.

322 1945 417 2008 Μ’·
437 1963 499 2031 719
518 1940 693 2008 Anas.
1096 1878 1592 2064 Nisaiaffffl'n‘p‘c'
1623 1894 1684 1956 m.

131 2046 283 2113 ’0000
308 2048 350 2113 ⁸·
372 2048 408 2111 Ρ·
429 2050 464 2113 0
490 2044 587 2111 000·
610 2042 715 2111 000·
737 2044 784 2110 ¹¹·
807 2044 879 2109 00·
937 2081 983 2145 u.
998 2080 1194 2150 annuns.
1210 2082 1313 2150 avo.
1328 2083 1370 2181 o.
1384 2088 1595 2157 raneos.
1610 2095 1682 2156 sne

368 2148 435 2213 m·
456 2149 555 2211 ῙΜΡ·
577 2144 643 2209 m·
704 2242 711 2251 ,
821 2188 830 2205 ¹
912 2194 1027 2266 ,typo
1049 2183 1121 2248 AR.
1137 2186 1237 2265 (Mus.
1252 2186 1361 2270 Caes.)

190 2286 273 2349 Sex.
283 2284 479 2369 Pompeium
496 2303 581 2349 anno
598 2282 819 2367 praecedente
837 2282 878 2347 ab
1098 2287 1224 2348 Eadem
1241 2291 1392 2367 adversa.
1575 2332 1580 2337 -
1799 2357 1804 2373 ι

128 2384 310 2453 &ariano
333 2386 472 2465 rictum,
497 2399 532 2449 et
547 2406 610 2471 per
627 2385 739 2449 Asiam
758 2406 877 2470 regum
934 2385 1173 2453 ANTONIVS.
1194 2388 1299 2461 AVG.
1318 2392 1406 2451 ΙΜΡ.
1424 2394 1480 2457 lli.
1499 2397 1571 2457 sine
1591 2407 1680 2481 typo.

126 2488 252 2553 llidaei
267 2490 302 2551 in
314 2487 459 2572 Phrygia
472 2487 580 2551 occidi
592 2486 694 2571 jubet.
716 2487 803 2573 Regi
817 2486 879 2549 Ar·
935 2488 1005 2550 All.
1025 2491 1125 2571 (Mus.
1138 2490 1250 2569 Caes.)
1907 2492 1912 2499 ’

126 2590 257 2655 maniae
280 2589 407 2653 bellam
429 2589 573 2655 iacturas
592 2592 744 2674 Aegypto
766 2608 878 2673 egres·
999 2590 1149 2654 Similem
1173 2591 1276 2654 Silani
1308 2591 1495 2673 denarium,
1523 2596 1588 2659 alio
1615 2611 1683 2662 tan·

127 2714 190 2768 sua,
213 2712 334 2758 rerum
349 2690 471 2768 audito,
491 2690 658 2756 Octaviam
676 2690 717 2754 sd
733 2711 770 2756 se
788 2692 878 2757 veni·
934 2704 1003 2755 tum
1020 2693 1153 2758 Antonii
1172 2694 1359 2774 consulatu,
1382 2695 1423 2759 ad
1445 2719 1564 2762 annum
1586 2721 1680 2783 prae·

129 2815 179 2870 re,
203 2793 402 2879 Cleopatrae
430 2793 584 2878 precibus
612 2814 784 2876 persuasus
805 2793 877 2855 mio
934 2794 1110 2860 cedentem
1125 2797 1278 2864 vidimus.
1384 2824 1390 2842 ·

128 2896 165 2957 tit
186 2895 354 2972 Athenas,
388 2895 444 2978 qai
468 2913 538 2957 eam
559 2897 697 2958 Romam
719 2908 875 2978 repetere
1194 2944 1215 2980 ff
1295 2898 1316 2935 ⁴⁸
1398 2944 1419 2980 ff

128 2995 298 3076 juberent,
320 2997 392 3082 ipse
417 3017 495 3059 mox
515 2997 550 3058 in
568 2999 755 3081 Aegyptum
774 2997 874 3061 rebus
1096 2999 1277 3064 ANTONI.
1309 3001 1522 3064 ARMENIA.
1556 3001 1680 3070 DEVI·

128 3099 259 3164 iniectis
277 3099 310 3160 in
331 3099 526 3184 Cleopatrae
544 3099 712 3184 amplexus
732 3097 830 3166 redit.
1096 3099 1194 3165 CTA.
1230 3101 1339 3183 Caput
1363 3102 1514 3164 Antonii
1540 3105 1679 3182 nodam,

1094 3221 1182 3281 pone
1201 3204 1292 3264 tiara
1309 3204 1526 3265 Armeniaca.

431 3281 576 3348 Numi:
839 3261 870 3306 ⁸
933 3300 1246 3366 canoenrnas.
1269 3303 1478 3369 unornane,
1506 3303 1678 3387 naevia

291 3401 531 3470 ANTONIVS.
573 3403 737 3471 AVGVR.
779 3404 875 3471 COS.
931 3401 960 3462 F
962 3401 1163 3471 lmonvtu.
1177 3403 1346 3473 REGVM.
1365 3407 1472 3488 Caput
1486 3407 1682 3489 Cleopatrae

291 3507 391 3572 DES.
413 3506 530 3570 ITER.
547 3506 620 3572 ET.
640 3508 740 3571 TER.
768 3507 876 3592 Caput
933 3505 1169 3582 diadematum,
1184 3527 1267 3588 prae
1283 3527 1346 3588 qno
1361 3526 1463 3587 prora
1480 3512 1587 3572 navis.
1606 3509 1677 3573 AB.

289 3609 442 3670 Antonii
459 3609 592 3670 nudam.
933 3605 1034 3687 (Mas.
1052 3607 1163 3688 Caes.)

123 3711 166 3770 il.
182 3707 383 3776 amma
399 3708 503 3775 AVG.
520 3706 875 3803 (praeconatus
995 3710 1142 3792 Vimque
1170 3705 1260 3769 anmi
1284 3707 1379 3790 hujus
1408 3707 1599 3790 superficies
1622 3732 1679 3776 res

123 3825 217 3892 espa.
239 3811 312 3876 AR.
330 3811 508 3896 (Morelli.)
930 3809 994 3873 hoe
1015 3831 1099 3874 anno
1117 3821 1224 3892 gestas
1243 3823 1491 3886 commemorat,
1516 3824 1549 3872 et
1566 3833 1585 3872 a
1600 3814 1680 3876 seri·
1747 3880 1749 3885 ,

182 3913 370 3976 Denarium
388 3912 477 3976 hunc
501 3931 586 3976 anno
606 3910 772 3996 praesenti
791 3911 874 3975 alli·
929 3910 1080 3996 ptoribua
1117 3909 1251 3973 traditas
1288 3907 1465 3977 eorfirmat.
1507 3911 1588 3974 Pars
1624 3913 1679 3975 ad·

123 4035 182 4098 go.
202 4015 280 4100 quia
295 4027 403 4078 exstat
416 4014 599 4077 simillimus
613 4012 714 4092 aiter,
737 4013 796 4078 sed
811 4035 873 4098 per
929 4034 1025 4078 versa
1050 4015 1266 4090 Armeniam,
1295 4025 1332 4073 nt
1351 4012 1386 4073 in
1407 4011 1575 4075 annalibus
1597 4012 1680 4076 dixi·

123 4117 260 4178 Antonii
290 4115 494 4180 eonsalstnm
525 4119 566 4178 ll.
584 4116 670 4196 ,anni
696 4117 873 4202 sequentis.
928 4136 1018 4192 mus,
1047 4113 1147 4177 modo
1178 4117 1341 4180 devictam
1370 4114 1554 4197 praedicat,
1583 4117 1678 4197 enjus

124 4218 173 4282 ne
188 4219 239 4280 AL
253 4216 367 4284 Silano
382 4237 507 4302 augure
523 4215 600 4282 vide
617 4217 650 4279 in
666 4231 765 4302 gente
782 4216 874 4300 lunia
929 4236 1024 4282 eausa
1060 4229 1097 4280 et
1135 4215 1233 4289 tiara,
1276 4216 1452 4280 Armeniae
1495 4216 1679 4299 symbolam

126 4319 324 4386 Silanorum.
930 4317 1121 4403 apponitur,
1172 4339 1268 4400 quarn
1309 4319 1570 4401 Hareroampus‚
1621 4339 1680 4381 ne·

932 4421 1002 4485 seio
1033 4417 1112 4505 quid
1141 4440 1272 4502 passus,
1309 4420 1497 4504 pharetram
1526 4420 1680 4504 appellat.

312 4491 355 4556 V·
373 4487 410 4554 ο·
428 4503 491 4570 7²⁰
510 4487 621 4552 A‘X'
640 4485 692 4564 34·
798 4510 805 4545 ‘
932 4522 1080 4586 Alterius
1098 4520 1199 4604 partis
1218 4520 1322 4585 oratio
1346 4523 1444 4606 plens
1466 4521 1583 4600 fastus,
1605 4543 1681 4588 cuns

130 4590 280 4656 uma·
304 4589 347 4654 R·
368 4592 407 4657 P·
432 4591 467 4653 0·
494 4587 590 4654 COS'
611 4589 661 4656 Η·
683 4588 787 4654 DES·
810 4589 876 4654 m·
933 4623 1142 4707 Cleopatram
1162 4621 1310 4706 appellat
1327 4626 1623 4706 reginam'regom‚
1649 4623 1684 4689 et
1710 4624 1712 4628 ’

414 4691 514 4754 ῙΜΡ·
533 4691 598 4754 m·
647 4801 652 4812 .
922 4723 1078 4810 filiorum
1112 4743 1226 4806 regum
1265 4725 1393 4788 seilicet
1425 4737 1580 4804 matrem,
1620 4729 1684 4799 etsi

190 4827 319 4892 Consul
336 4829 376 4890 n.
397 4825 543 4910 procedit
559 4825 793 4905 Alexandriae,
816 4825 875 4891 sed
933 4845 1013 4891 vere
1036 4825 1077 4890 sd
1097 4827 1276 4891 historiam.
1304 4827 1438 4892 Diserte
1457 4829 1544 4892 enim
1560 4830 1625 4893 Dio
1641 4831 1683 4894 ad
