4267 5500
763 578 1183 656 VESPASIANVS.
1666 600 1747 670 ³525

193 762 309 811 nunes
329 739 492 827 descripsi
509 742 542 805 iu
560 740 718 827 Catslogo
739 747 844 809 musei
860 747 941 812 Cue·
998 748 1085 811 trtius
1113 746 1274 812 enunciet.
1319 749 1363 811 At
1391 748 1471 813 heec
1485 751 1636 836 -iigurum
1665 754 1744 819 dea·

190 844 277 911 sarci
300 846 347 927 ⁸),
369 857 405 908 nt
423 858 458 909 et
472 856 586 909 auctor
600 844 706 908 musei
722 846 898 933 Thcupoli.
996 849 1157 913 teriorem
1172 862 1270 916 vocat
1286 848 1408 926 Titum,
1428 850 1664 919 sinisteriorem
1674 859 1742 924 Do·

254 946 364 1011 Aliter
374 965 461 1009 nuuc
474 965 513 1010 re
529 944 685 1043 maturius
704 945 847 1014 discussa
864 970 936 1015 sen·
990 950 1179 1026 mitisnusn,
1201 970 1283 1033 ergo
1300 968 1343 1012 ex
1364 952 1532 1038 analogiae
1552 956 1629 1042 iege
1652 958 1741 1022 idem

189 1046 338 1115 tiendum
358 1047 527 1124 existimo,
550 1046 704 1111 nimirum
724 1064 850 1133 partem
868 1053 937 1138 epi·
991 1049 1034 1113 de
1070 1050 1235 1134 prioribus
1269 1052 1486 1119 sentiendum.
1546 1058 1603 1125 Ν.
1637 1059 1741 1123 Tituli

190 1151 335 1235 graphes
362 1172 383 1213 a
413 1147 551 1213 dextera
585 1150 677 1213 numi
704 1152 934 1236 incipientem:
990 1152 1161 1237 utriusque
1176 1147 1327 1217 cessaris
1341 1156 1520 1219 secundom
1542 1178 1646 1223 mesm
1667 1180 1739 1223 sen-

189 1252 314 1317 CAES.
339 1250 440 1319 AVG.
460 1252 499 1319 F.
525 1252 624 1317 DES.
646 1253 734 1319 ῙΜΡ.
753 1254 793 1318 ud
810 1254 936 1319 sdstsn·
989 1255 1125 1317 tentiam
1143 1254 1268 1338 accepti
1290 1274 1358 1318 non
1375 1261 1559 1340 repugnant
1581 1260 1737 1325 historiae

192 1366 260 1419 tem
286 1350 425 1438 figuram
449 1373 549 1438 quum
571 1353 679 1417 Titum
702 1354 774 1437 ajo,
808 1356 934 1420 siniste-
984 1368 1026 1418 et
1054 1356 1301 1439 chronologice.
1344 1356 1476 1419 Dicitur
1496 1360 1649 1421 nimirum
1680 1362 1737 1425 Ti·

191 1454 316 1519 riorcm
331 1455 439 1517 sliam:
462 1456 564 1522 nvG.
579 1456 618 1521 F.
640 1455 735 1521 COS.
761 1456 858 1522 DES.
875 1460 932 1525 lT.
989 1468 1042 1521 tus
1053 1457 1238 1520 CAESAR.
1250 1455 1411 1522 AVGusts‘
1425 1458 1738 1527 FiliusDESlGnu·

185 1554 229 1621 ad
267 1555 447 1621 adstantem
481 1554 593 1633 nlism,
624 1576 743 1641 nempe
776 1557 934 1623 Domitia·
982 1572 1045 1623 tus
1061 1560 1263 1623 llPerotor.
1298 1558 1381 1621 Cum
1400 1558 1576 1623 Titus-hoc
1600 1562 1661 1644 jam
1683 1584 1737 1625 su·

185 1678 264 1722 nnus
280 1648 461 1740 pertinere.
486 1656 541 1721 Sic
557 1656 721 1721 statuendi
739 1678 833 1723 csusa
850 1663 932 1723 mul·
988 1681 1033 1723 no
1054 1680 1178 1723 revers
1200 1657 1305 1722 dictus
1322 1661 1424 1723 inerit
1441 1682 1463 1722 u
1481 1642 1573 1743 patre
1597 1667 1737 1745 imperu-

184 1756 301 1842 tiplex.
332 1760 358 1821 1.
378 1758 534 1821 Servatur
553 1759 685 1823 illaesus
708 1760 929 1845 inscriptionis
986 1774 1058 1839 tor,
1082 1774 1117 1823 et
1132 1759 1301 1843 sdoptstus
1323 1762 1479 1843 contege,
1502 1762 1733 1845 pronissimum

186 1856 272 1923 crdo
308 1878 391 1943 quse
428 1878 471 1923 ex
499 1860 575 1943 lege
606 1860 828 1925 Romanorum
861 1884 929 1929 mo·
985 1874 1055 1939 est,
1087 1881 1163 1923 cum
1193 1862 1227 1921 in
1257 1861 1363 1923 numia
1391 1874 1466 1924 unte
1496 1862 1582 1925 istud
1603 1877 1732 1948 tempus

184 1958 309 2025 neuris
336 1959 441 2023 omnis
457 1961 571 2025 netstis
595 1960 709 2045 incipit
729 1977 855 2047 sparte
871 1986 931 2027 nu·
985 1962 1121 2046 signetis
1137 1960 1202 2025 dici
1218 1960 1468 2024 DESIGnutssm
1480 1965 1731 2041 IMPerutorem,

185 2061 231 2124 mi
247 2059 400 2140 dextera,
427 2061 555 2147 reliqua
579 2060 699 2125 deinde
717 2063 928 2149 inscriptione
986 2082 1051 2148 qno
1077 2063 1177 2127 ruodo
1204 2076 1240 2126 et
1263 2063 1461 2127 Caracallum
1483 2063 1590 2129 adhuc
1616 2066 1731 2130 Caesu-

182 2162 275 2229 nuiio
294 2162 470 2227 interstitio
497 2164 532 2225 in
554 2164 713 2229 circulum
732 2165 927 2234 continusta.
985 2182 1058 2229 rem
1080 2164 1116 2227 in
1136 2164 1243 2228 numis
1264 2162 1331 2228 dici
1354 2163 1537 2231 videbimus
1556 2170 1731 2247 imperato·

183 2264 377 2336 vstttsnuus
410 2266 557 2333 violente
593 2265 797 2352 epigrsplseu
826 2270 928 2333 conti·
984 2288 1053 2331 rem
1066 2270 1280 2331 destinatum.
1304 2266 1422 2352 Neque
1443 2280 1604 2353 repugnat
1618 2264 1730 2333 titulus
1791 2272 1803 2287 “·

180 2388 278 2435 naam
294 2366 329 2431 in
345 2366 456 2435 medio
467 2368 569 2453 ipsius
585 2388 701 2436 tersus
715 2367 857 2449 inchoet,
873 2392 928 2435 cu·
982 2365 1177 2435 Domitiani:
1199 2366 1364 2437 tvenne
1374 2368 1487 2432 Fidius
1501 2368 1596 2435 008.
1612 2368 1729 2433 nest·

180 2472 231 2553 jus
252 2469 459 2537 insolentiam
484 2468 580 2534 iscile
604 2468 735 2554 quidem
754 2474 927 2555 sgnorerit
983 2470 1274 2534 Gnatuschrum.
1308 2470 1441 2532 Certum
1458 2483 1525 2547 est,
1547 2473 1648 2536 fuisse
1662 2474 1730 2537 Do·

180 2576 268 2657 ipse,
286 2574 346 2637 sed
361 2571 450 2638 uliud
473 2570 611 2635 suaserit
636 2570 761 2635 credita
786 2572 926 2637 chrono-
983 2572 1150 2635 mitinuuau
1175 2568 1279 2633 Nonis
1297 2570 1408 2652 ‘April
1440 2570 1534 2655 hujus
1560 2574 1635 2635 anni
1652 2594 1728 2637 cou-

180 2674 289 2758 lcgine
306 2674 369 2737 lex.
401 2676 441 2736 11.
456 2673 540 2737 Cum
556 2691 598 2735 ex
613 2672 780 2741 Vaillantii
797 2686 926 2739 senten·
983 2674 1089 2736 sulem
1103 2670 1293 2748 suffectum,
1318 2684 1355 2734 ut
1370 2668 1514 2756 inhujus
1532 2675 1728 2760 numispro·

180 2775 223 2838 tia
246 2774 442 2860 epigraphes
470 2771 546 2860 pars
566 2774 608 2838 nd
632 2775 793 2839 sinistrum
819 2775 925 2860 positu
981 2773 1129 2850 habitur,
1154 2787 1189 2837 et
1208 2773 1289 2834 nihil
1308 2772 1431 2850 obstat,
1451 2794 1518 2858 quo
1535 2775 1640 2838 miuus
1653 2797 1727 2841 cre·

180 2875 220 2937 nil
239 2879 349 2942 Titum
370 2877 550 2963 pertinent,
576 2895 714 2940 necesse
737 2891 801 2954 est,
827 2891 923 2941 stetu·
982 2873 1016 2936 di
1042 2875 1163 2956 possit,
1193 2895 1269 2937 eum
1283 2873 1347 2956 jusu
1371 2886 1439 2934 tum
1454 2894 1474 2936 s
1491 2875 1633 2957 putrein
1650 2899 1726 2959 pro·

182 2990 246 3040 tuns
267 2977 365 3041 etism
383 2978 472 3061 juxta
493 2975 631 3061 ligurum
652 2998 723 3042 esse
739 2978 868 3055 Titum,
890 2993 923 3042 et
978 2975 1102 3038 nimum
1113 2974 1280 3038 biennium
1300 2974 1402 3037 luisse
1421 2971 1626 3058 designatum
1648 2995 1725 3042 con·

178 3095 268 3154 erut,
300 3098 382 3162 quae
406 3079 457 3144 ad·
471 3077 639 3142 dexteram
663 3077 783 3154 udatat,
811 3080 924 3142 Domi·
980 3076 1102 3152 sulem,
1137 3087 1174 3137 nt
1195 3096 1314 3140 revera
1335 3071 1496 3160 processit
1521 3075 1562 3144 V.
1588 3077 1624 3140 C.
1641 3077 1721 3155 dnh,

176 3179 312 3246 timum.
353 3180 478 3247 Versus
509 3179 599 3242 omni
632 3199 714 3246 uero
744 3179 831 3265 apud
858 3183 924 3244 llo·
978 3197 1075 3262 ergo,
1089 3176 1216 3239 sinumi
1230 3189 1421 3259 praesentes
1437 3174 1525 3239 circa
1537 3175 1624 3241 istud
1641 3192 1723 3243 tem·

178 3299 293 3344 manos
314 3276 408 3344 l'ocus
427 3279 544 3346 dexter
559 3279 689 3364 dignior
707 3281 834 3346 hibitus
857 3297 922 3360 sat,
976 3299 1039 3362 pus
1064 3278 1181 3361 signati
1205 3291 1296 3353 suut,
1314 3275 1438 3362 potuit,
1463 3297 1502 3340 so
1526 3277 1639 3344 debuit
1656 3281 1722 3346 dici

177 3395 211 3448 et
231 3381 286 3450 hic
307 3381 404 3446 etiam
427 3381 597 3466 competiit
624 3382 701 3445 Tito
722 3382 864 3462 seniori,
888 3398 922 3447 et
979 3378 1401 3445 northamannorum.
1422 3379 1503 3461 Ejus
1518 3382 1569 3444 rei
1585 3381 1719 3446 dubium

175 3483 238 3566 jam
256 3497 343 3558 tum,
365 3503 440 3549 cnm
455 3483 510 3553 hic
526 3499 642 3548 numus
662 3503 758 3547 cutus
779 3495 846 3560 est,
864 3485 919 3548 de·
978 3501 1075 3546 omne
1097 3493 1249 3545 removet
1267 3500 1384 3542 numus
1402 3481 1490 3542 ulter
1504 3484 1718 3566 Hegesinum,

174 3584 301 3670 u'gnato
321 3605 342 3650 a
365 3585 565 3670 Vespasiano
591 3583 761 3669 eculegse.
805 3585 860 3650 Sic
884 3585 917 3646 in
975 3585 1008 3645 in
1031 3604 1096 3667 quo
1118 3595 1231 3666 aperte
1249 3581 1455 3644 Domitianus
1478 3581 1599 3644 dicitur
1619 3585 1714 3648 COS.

173 3685 430 3770 mersoque
448 3687 619 3770 superiore
636 3705 720 3748 suno
734 3683 916 3768 descriptis,
973 3685 1070 3746 Des.
1093 3685 1134 3747 tt.
1187 3683 1231 3744 At
1252 3695 1377 3745 certum
1407 3694 1459 3743 est
1485 3682 1601 3758 etiam,
1629 3686 1724 3776 hunc,

171 3789 204 3848 iu
220 3787 338 3873 quibus
350 3801 489 3872 uterquc
499 3789 619 3853 cssssr
633 3787 826 3872 frequenter
840 3807 915 3871 pro·
973 3806 1107 3848 numum
1127 3802 1213 3848 aune
1227 3797 1401 3865 praesente
1415 3782 1517 3846 fuisse
1537 3784 1713 3868 signatum,

169 3890 320 3972 ponitur,
345 3901 534 3954 constanter
557 3887 705 3956 ridemus
726 3887 792 3950 Titi
817 3899 915 3952 etus·
973 3885 1123 3970 quouium
1150 3885 1243 3947 Titus
1277 3884 1339 3947 hoc
1361 3896 1484 3947 tantum
1507 3905 1591 3947 suno
1617 3885 1712 3949 COS.

168 4005 244 4076 pat,
268 4005 309 4060 ,et
324 3991 571 4074 inscriptionem
590 3989 743 4073 digniore
764 3989 839 4054 loco
857 4008 914 4072 po·
970 3988 1067 4050 DES.
1086 3989 1126 4048 ll.
1141 3985 1213 4057 luit,
1231 3983 1333 4068 qualis
1345 3986 1379 4046 iu
1395 3985 1515 4050 eodem
1531 3986 1596 4051 hoc
1611 4008 1711 4050 numo

168 4093 280 4170 sitam,
318 4103 361 4166 ‚ut
388 4095 533 4156 omittam
562 4091 624 4156 slis
662 4091 765 4157 curnis
800 4091 912 4156 estatis
969 4086 1132 4170 proditur.
1175 4089 1218 4154 V.
1238 4089 1309 4169 lpas
1328 4087 1526 4176 quinetiam
1545 4071 1710 4154 Vaillsntii

168 4193 330 4278 sumpla.
394 4194 448 4256 111.
489 4193 698 4262 Vuillnntiunt
741 4191 911 4256 manifeste
968 4189 1131 4254 sententis
1168 4203 1330 4273 repugnat
1374 4189 1620 4272 chronologiae.
1674 4192 1709 4253 ln

168 4295 340 4380 redarguit
358 4313 476 4366 numus
493 4295 703 4378 ‚Begsrisnus
729 4293 837 4362 sltero
858 4294 912 4358 hic
968 4292 1048 4366 huc,
1085 4309 1151 4375 qao
1188 4303 1338 4374 tempore
1370 4291 1464 4352 Titus
1490 4291 1555 4370 jam
1591 4291 1709 4354 dicitur

169 4421 187 4461 s
211 4418 266 4462 me
289 4396 367 4460 loco
392 4395 591 4480 descriptus,
621 4397 676 4480 qai
696 4409 771 4480 typo
795 4395 912 4479 priori·
968 4394 1177 4502 lptPerotor,
1205 4390 1409 4456 Domitisnus
1428 4390 1621 4474 simpliciter
1642 4404 1709 4454 tsn-

168 4499 227 4562 tus
251 4495 435 4562 simillimus
468 4497 681 4581 inscriptione
704 4511 826 4561 tantum
851 4496 913 4564 dii·
966 4507 1035 4560 tern
1064 4492 1183 4560 dicitur
1208 4493 1303 4558 008.
1322 4491 1421 4556 DES.
1465 4491 1589 4557 Verum
1620 4513 1707 4555 cons·

168 4599 252 4676 lert,
280 4617 364 4683 qnae
385 4598 454 4682 ipsa
478 4597 564 4674 Titi,
594 4611 628 4661 et
652 4597 829 4662 Domitiani
854 4619 911 4660 no-
968 4595 1074 4660 rnunis
1091 4608 1142 4659 cst
1159 4594 1437 4676 chronologorum
1456 4592 1577 4675 opinio,
1596 4594 1705 4656 Titum
1739 4657 1749 4678 s

202 4809 232 4876 s)
251 4805 376 4864 Parttt
391 4825 420 4882 p.
433 4819 481 4868 ευ
499 4817 527 4861 et
546 4817 604 4866 itt.
