4267 5500
326 503 335 518 ⁹
456 550 528 623 sot.
1124 526 1341 601 NERVA.

450 708 491 767 G.
597 704 685 765 lIlP.
724 697 889 767 Neuvs.
929 698 1052 763 CAES.
1096 696 1199 764 AVG.
1257 695 1423 759 inserens.
1446 695 1490 755 At
1506 692 1702 777 disisupr'n,
1723 711 1791 756 uon
1812 694 1896 759 satis
1912 696 2002 757 unius

594 800 850 868 eonem
864 801 936 866 ΤΗ.
948 801 987 866 Ρ.
1007 802 1115 883 Capru
1128 800 1201 864 laa-
1258 797 1404 867 Victoris
1447 794 1636 861 testimonio
1678 796 1838 860 Cretense
1874 798 2000 861 Nersae

594 914 741 979 reaten,
762 908 800 968 in
819 905 901 968 AV.
920 916 956 967 et
974 903 1057 967 Art.
1257 920 1362 985 geum
1387 898 1571 984 probatum.
1601 898 1758 963 Ceterum
1786 898 1905 963 similis
1931 900 2001 963 Dis·

711 1048 733 1089 g
816 1005 837 1044 ⁴¹
920 1047 941 1088 g
1256 1022 1318 1067 nae
1334 1014 1429 1086 typus
1446 988 1602 1086 frequens
1617 1012 1669 1064 est
1682 1000 1718 1063 in
1732 1002 1839 1065 numia
1856 1002 2002 1085 eaput,

595 1113 642 1172 Vt
658 1088 783 1174 litati.
1257 1124 1358 1189 quem
1381 1102 1428 1166 ibi
1456 1102 1497 1167 sd
1517 1102 1662 1169 Siciliam
1684 1102 1901 1171 neemiam
1928 1102 2001 1165 dixi·

452 1210 723 1277 CONCORDIA.
751 1206 1059 1277 uxenctwvrs.
1102 1210 1201 1271 Duae
1259 1226 1340 1269 mus.

449 1318 610 1379 dexterae
619 1312 758 1393 junctae
771 1310 875 1388 jueta
889 1312 1040 1390 aquilam
1054 1310 1202 1392 legiona-
1266 1338 1272 1367 ι.
1404 1307 1452 1368 Vt
1469 1305 1521 1367 lit.
1539 1306 1589 1369 A.

451 1420 539 1480 rium
554 1417 676 1497 protere
694 1413 792 1475 nauis
810 1406 961 1493 infixam.
985 1409 1060 1478 AV.
1077 1410 1149 1477 ΔΗ.
1168 1422 1203 1473 et
1259 1406 1382 1469 mscl.
1418 1406 1596 1473 lvnstcl.
1630 1404 1875 1477 chumis„
1914 1406 2003 1469 SIB-

451 1517 567 1577 atldito
585 1513 620 1575 S.
635 1511 672 1574 (i.
688 1515 726 1575 in
740 1511 812 1575 ΔΕ.
823 1512 849 1577 1.
869 1514 967 1585 (Mus.
980 1511 1089 1586 Caes.)
1256 1509 1393 1574 Laus.
1433 1508 1469 1571 S·
1492 1508 1529 1571 C.
1570 1510 1701 1575 Palma.
1738 1510 1810 1573 ΔΕ.
1847 1513 1872 1575 1.
1910 1512 2002 1591 (blus.

492 1613 616 1677 Iudicat
641 1627 736 1697 typus
760 1631 894 1677 aversae
923 1612 1132 1677 concordiam
1155 1612 1201 1674 le-
1261 1613 1370 1691 Caes.)

452 1717 584 1800 gionum
615 1728 680 1779 um
705 1713 933 1792 terrestriam,
967 1736 1064 1801 quam
1087 1711 1201 1778 classi·
1301 1709 1382 1775 Inde
1419 1734 1437 1773 a
1474 1710 1588 1794 primis
1625 1708 1829 1795 reipublicae
1860 1708 2002 1773 Iudaicae

449 1835 575 1882 earnm.
1258 1810 1462 1897 temporibus
1492 1810 1602 1875 Iudaei
1622 1810 1799 1874 dimidium
1826 1810 1919 1888 sicli,
1951 1834 2003 1873 seu

594 1922 641 1984 Vc
657 1919 712 1983 lit.
725 1918 771 1983 A.
787 1930 822 1980 et
834 1916 878 1982 Β.
1258 1915 1336 1979 duas
1360 1912 1529 1977 drachmas
1555 1912 1589 1973 iu
1613 1934 1706 1975 usum
1729 1913 1839 1978 altaris
1861 1915 2001 1998 pendere

449 2018 660 2085 CONGIAII.
674 2019 787 2083 Plus.
801 2018 839 2084 (i.
863 2016 1047 2101 Imperator
1064 2028 1202 2103 togatus
1258 2015 1471 2099 jubebantur,
1493 2027 1530 2075 ut
1551 2013 1666 2097 legero
1688 2014 1794 2077 estin
1817 2015 1905 2077 libro
1924 2016 2001 2075 Ero

450 2127 487 2185 in
514 2134 676 2204 suggestu
704 2122 880 2185 considens
904 2118 1079 2183 adsidente
1099 2120 1202 2199 jueta
1259 2116 1293 2181 di
1308 2114 1351 2200 ιἱ).
1373 2118 1423 2179 Ea
1438 2114 1577 2200 pecunia
1592 2114 1729 2179 subinde
1745 2116 1781 2178 in
1795 2117 1913 2201 templi
1926 2138 2002 2179 snm·

451 2225 524 2286 alia
523 2220 644 2307 segusa
652 2233 780 2305 togata,
793 2222 908 2285 adstat
910 2218 1031 2305 figura
1042 2231 1202 2283 tesseram
1255 2233 1333 2305 ptus
1359 2219 1479 2289 cessit,
1509 2217 1628 2282 collata
1652 2237 1719 2281 non
1742 2217 1842 2281 modo
1869 2218 1911 2281 ab
1937 2219 2000 2291 bis,

450 2339 583 2399 tenens,
617 2335 653 2386 et
677 2324 749 2387 alia
766 2344 827 2408 per
837 2323 967 2405 gradus
984 2323 1202 2395 adscendens,
1260 2323 1316 2407 qui
1337 2320 1487 2387 Iudaeam
1509 2318 1698 2396 incoluere,
1731 2320 1791 2383 scd
1821 2334 1856 2384 et
1883 2320 1924 2384 ab
1949 2322 2000 2393 iis,

446 2424 696 2504 ponePaliadis
707 2426 851 2505 signum.
866 2422 938 2486 ΑΕ.
947 2422 972 2486 1.
984 2423 1082 2505 (Mus.
1093 2423 1201 2503 Caes.)
1257 2424 1315 2509 qui
1337 2422 1370 2484 in
1396 2441 1586 2508 quacunque
1611 2420 1701 2485 orbis
1721 2436 1815 2507 parte
1837 2422 2000 2487 versaban-

492 2524 618 2586 Nemus
641 2524 696 2586 hie
720 2524 798 2585 satis
820 2535 870 2585 est
889 2522 1060 2606 cognitus,
1093 2538 1126 2589 at
1149 2547 1201 2589 su·
1256 2538 1327 2603 tur,
1357 2524 1513 2587 Romanis
1541 2524 1702 2609 privatum
1731 2524 1817 2589 istud
1852 2524 1999 2587 tributum

450 2637 562 2709 specta
592 2622 671 2687 mihi
696 2624 796 2688 lectio
820 2624 912 2686 numi
930 2624 1065 2689 alterius
1089 2640 1200 2693 cetera
1254 2626 1322 2711 jam
1353 2625 1551 2704 vetantibus,
1588 2627 1679 2711 eujus
1709 2648 1806 2711 supra
1834 2625 1868 2687 in
1900 2625 1998 2689 nemis

451 2726 626 2806 simillimi,
660 2746 758 2813 ιῙιιοιιι
788 2725 890 2792 edidit
918 2726 1052 2793 Petinus
1073 2736 1121 2812 ί),
1165 2731 1199 2792 in
1257 2728 1449 2814 Vespasiani
1477 2750 1510 2812 p.
1530 2728 1592 2806 3¹7
1627 2729 1778 2813 exempla
1812 2726 1908 2805 dedi,
1943 2730 2000 2812 jam

450 2850 517 2914 quo
541 2829 570 2892 is
595 2828 693 2913 legite
723 2828 1198 2916 CONG1AR.11.praeoipua
1257 2831 1366 2896 edicto
1408 2829 1692 2914 permittentibus,
1735 2831 1828 2915 cnjus
1874 2832 1999 2917 generis

450 2933 479 2994 si
500 2952 575 3017 pare
598 2931 735 2996 adversa
758 2931 964 2996 consulatum
981 2933 1020 2994 11.
1039 2933 1211 2998 inscribit.-
1255 2955 1355 2996 unum
1379 2933 1511 2995 nomine
1534 2931 1674 3016 Atsgusti
1694 2931 1863 3018 vulgatum
1886 2954 2000 3018 propo·

448 3033 639 3100 Verisimile
661 3055 729 3097 non
751 3046 816 3113 est,
844 3036 987 3098 Nervam
1004 3034 1112 3098 tirum
1131 3055 1201 3100 mo·
1254 3035 1321 3098 suit
1337 3035 1434 3098 Philo
1452 3031 1590 3097 Iudaeus
1606 3044 1652 3112 ο),
1672 3048 1705 3099 at
1720 3036 1817 3119 plura
1836 3034 1899 3100 ulia
1912 3039 1998 3098 Iose-

449 3135 628 3199 derationis
648 3131 800 3218 cognitae
820 3135 904 3198 iutra
920 3149 988 3198 tros
1003 3156 1134 3200 menses
1148 3136 1231 3200 bis·
1255 3137 1339 3221 pbns
1363 3125 1657 3219 ἀ).”Ιε1ριιιΡ11ἰΙο
1685 3149 1893 3222 corrogatum
1923 3138 1997 3200 hanc
2090 3127 2091 3150 ¹

450 3234 654 3299 distribuisse
676 3236 897 3320 congiarium,
918 3255 1001 3320 qnae
1018 3238 1199 3302 liberalitas
1256 3237 1428 3322 pecuniam
1456 3237 1631 3321 aliquoties
1652 3259 1715 3322 per
1736 3259 1812 3302 eum
1833 3253 1998 3303 traemtnm

445 3357 528 3401 *earo
552 3336 651 3400 stetit.
681 3335 823 3405 Videtur
845 3356 907 3421 pro
929 3339 1000 3405 PR·
1019 3360 1199 3426 perperam
1255 3353 1351 3404 voest
1369 3337 1532 3425 ἅπαρχιις,
1549 3341 1736 3424 primitias,
1755 3361 1838 3426 ergo
1857 3341 1915 3406 illa
1933 3363 1997 3405 ean

449 3438 572 3522 legisse
589 3441 628 3501 11.
710 3467 713 3473 ·
1253 3439 1332 3504 dem
1355 3439 1468 3505 habuit
1486 3454 1633 3506 naturam
1650 3461 1725 3505 cuns
1743 3441 1784 3505 iis
1803 3443 1994 3516 muneribus,

596 3544 642 3608 Vr
655 3541 708 3606 lit.
724 3541 760 3606 C.
1254 3563 1337 3626 quae
1357 3543 1436 3606 olim
1452 3541 1602 3607 coloniae
1618 3543 1857 3627 metropolibus
1876 3546 1917 3610 ad
1939 3543 1995 3609 cul·

450 3643 544 3709 COS.
561 3647 601 3709 ll.
619 3642 764 3710 DESlG.
782 3643 945 3710 111.1>.1’.
967 3645 1084 3709 Diana
1101 3665 1197 3709 uena
1254 3655 1323 3706 tum
1355 3643 1536 3729 patriorum
1565 3643 1704 3708 deorum
1741 3646 1879 3729 singulis
1914 3646 1994 3710 annis

450 3752 522 3811 tris
546 3749 707 3830 gradiens
733 3748 765 3811 d.
783 3749 946 3828 sagittam
971 3765 1015 3809 es
1032 3747 1197 3829 pharetra
1255 3746 1386 3810 mittere
1416 3765 1639 3823 consuevere,
1675 3768 1742 3831 quo
1778 3748 1878 3812 modo
1909 3749 1995 3829 Poly·

445 3851 572 3932 promit
587 3851 708 3910 comite
723 3868 816 3913 cane.
840 3849 910 3909 Ali.
954 3867 958 3875 ·
1254 3849 1325 3911 bius
1342 3869 1471 3934 qnoque
1486 3847 1614 3913 roravit
1629 3845 1775 3934 ἄπαρχος
1791 3849 1892 3927 illud,
1916 3847 1994 3935 qnod

492 3947 657 4012 Observut
683 3946 896 4025 Vaillantius‚
938 3949 1026 4013 huuc
1059 3968 1196 4013 aversae
1254 3949 1538 4034 Carthaginienses
1569 3952 1692 4034 Tyrum
1721 3953 1920 4036 metropolin
1948 3937 1999 4012 su‘

449 4064 562 4134 typum
594 4049 630 4111 in
662 4061 795 4112 moneta
823 4051 969 4114 Romana
997 4050 1195 4115 insolentem
1232 4073 1303 4120 ,am
1327 4049 1458 4117 mittere
1480 4066 1554 4116 sunt
1572 4053 1660 4117 soliti
1680 4065 1720 4129 θ).
1748 4057 1933 4118 Atcertum
1949 4065 1992 4114 est
2089 4041 2090 4120 ξ

449 4173 533 4218 esso.
570 4151 694 4216 Censet
724 4149 841 4232 igitur,
875 4167 950 4214 cnm
977 4153 1121 4218 Nervam
1153 4173 1197 4216 ex
1252 4155 1351 4218 etiam
1371 4167 1456 4218 teste
1478 4154 1597 4219 eodem
1619 4155 1761 4220 Philone
1782 4155 1826 4238 ¹),
1856 4182 1875 4222 a
1903 4155 1989 4218 totius

450 4255 548 4320 Creta
581 4251 755 4318 oriundum
794 4251 880 4315 dicat
915 4253 1049 4332 Victor,
1093 4255 1197 4319 Diana
1254 4256 1342 4320 orbis
1364 4256 1490 4321 ludaeis
1519 4270 1661 4322 sanctam
1691 4258 1854 4324 eir-itatem
1880 4272 1988 4322 metro·

449 4370 557 4420 antem
579 4353 736 4440 singulari
757 4354 796 4416 in
821 4355 881 4418 hac
903 4355 1009 4418 insula
1031 4356 1195 4441 religione
1252 4351 1338 4442 polis
1361 4359 1436 4423 loeo
1457 4359 1559 4424 Iuisse
1581 4359 1735 4424 habitam.
1773 4363 1925 4426 Ceterum
1945 4357 1986 4419 di-

449 4459 634 4535 coleretur,
661 4471 840 4542 propterea
862 4477 935 4522 eam
958 4457 1034 4521 hnic
1059 4459 1195 4523 denario
1252 4474 1340 4524 ctum
1377 4459 1460 4524 illud
1494 4461 1662 4525 dimidium
1692 4461 1765 4526 sicli
1796 4465 1856 4526 luit
1883 4477 1982 4526 notum

487 4687 841 4766 a)Thas.n11m.p.15a.
943 4686 980 4760 b)
994 4685 1082 4747 XXX.
1096 4701 1192 4756 1213.
1297 4691 1328 4761 c)
1344 4685 1383 4742 de
1395 4688 1494 4764 Legat.
1510 4689 1549 4746 ad
1562 4689 1665 4747 Caium
1678 4702 1784 4768 p.592.
1886 4691 1980 4762 dldn-

450 4775 503 4849 tiq.
519 4775 550 4830 L.
564 4775 642 4832 XVI.
657 4783 723 4840 oso.
826 4782 856 4848 e)
874 4777 943 4836 Exc·
961 4777 1049 4852 legat.
1071 4792 1129 4840 Ita
1232 4777 1407 4852 Ohdsers.
1425 4781 1523 4838 flacc.
1895 4775 1901 4786 ¹
