4267 5500
457 586 509 672 91,
1063 566 1402 678 stepanus,

465 738 546 807 mini
574 756 663 803 suam
690 739 855 821 Augustus
883 736 1046 802 fortunam
1076 736 1205 814 debuit,
1262 736 1333 803 tuit.
1370 734 1632 813 manuscrits,
1666 732 1778 817 ibique
1803 734 1914 800 iterum
1935 736 1975 801 ts

464 842 553 907 victo
583 840 734 903 nimirum
764 839 849 925 sputi
878 832 1110 918 Artemisium,
1137 860 1206 902 seu
1261 837 1364 901 lieruu
1383 827 1476 920 ,agit
1498 837 1645 899 ’Absens
1681 838 1744 900 viis
1782 858 1841 921 per
1872 838 1977 904 italien

463 940 614 1005 Dianium
659 940 788 1007 Siciliae
830 960 935 1024 prope
979 940 1084 1023 Mylas
1126 941 1205 1006 Ser.
1261 937 1444 1002 muniendis
1478 940 1622 1002 intentus
1656 940 1795 1001 Romae·
1816 940 1976 1002 milliarium

463 1043 623 1127 Pompejo
647 1044 695 1125 ⁸),
724 1056 760 1106 et
789 1040 877 1127 spud-
899 1040 1029 1104 Actium
1057 1042 1205 1127 Apollini
1261 1060 1401 1104 aureum
1434 1038 1520 1103 iacit.
1560 1038 1728 1124 Agrippae
1764 1040 1898 1103 nascitur
1929 1040 1977 1103 Ca·

370 1168 380 1188 ¹
464 1166 592 1211 sacrum
620 1146 667 1210 Μ.
685 1144 844 1207 Antonio.
887 1142 1031 1207 Eodem·
1051 1143 1203 1227 exemplo
1260 1142 1310 1224 jus
1333 1140 1370 1223 s).
1444 1167 1453 1176 ·

463 1248 527 1330 jem
549 1244 627 1309 olim
649 1242 868 1307 Athenienses
891 1243 977 1309 ricta
1003 1244 1087 1327 apud
1109 1246 1206 1307 Arte·
1325 1243 1519 1327 Opportune
1549 1242 1614 1305 lsoe
1642 1239 1720 1305 leco
1745 1240 1979 1306 recensebantur

462 1349 591 1413 misium
612 1345 731 1408 Xerxis
760 1344 863 1409 classe
893 1344 963 1428 ejus
989 1344 1054 1409 loci
1081 1345 1203 1408 Dianae
1261 1343 1352 1407 numi
1371 1345 1538 1428 signorum
1557 1341 1798 1406 restitutionem
1818 1342 1980 1427 praediun

462 1465 632 1533 tropaeum
660 1446 774 1509 navale
803 1444 1058 1523 constituerunt,
1088 1459 1124 1508 ut
1153 1466 1206 1509 re·
1261 1458 1332 1519 tes,
1356 1446 1471 1509 autad
1494 1445 1835 1529 idemurgumentum
1858 1460 1981 1530 spectas·

461 1549 529 1615 iert
556 1548 750 1609 Plutsrehus
772 1544 815 1627 ¹³).
858 1550 965 1631 Atque
1003 1546 1067 1610 huc
1104 1545 1205 1610 credo
1261 1560 1328 1623 tes,
1355 1569 1493 1633 quorum
1508 1566 1642 1629 mugnus
1661 1560 1712 1610 est
1726 1537 1889 1612 numerus.
1914 1548 1981 1609 Nun

461 1649 631 1735 pertinere
661 1646 877 1711 sacerdotium
907 1649 1025 1714 DlAN.
1056 1650 1202 1717 VICTR,
1260 1648 1382 1711 donum
1411 1648 1497 1711 istusl
1523 1668 1659 1732 magnae
1688 1648 1753 1710 sibi
1776 1646 1864 1711 laudi
1889 1647 1981 1723 (luxit,

461 1748 791 1817 E'l'..APOLLlNlS,
810 1750 967 1831 PALAT.
988 1764 1206 1815 memoratum·
1260 1762 1409 1834 tauquam
1427 1749 1597 1813 incruente
1615 1750 1816 1833 recepisset,
1835 1748 1916 1834 quei
1928 1762 1984 1810 tuu-

459 1854 497 1916 in
525 1869 688 1915 marmore
718 1850 889 1912 Muratorii
910 1852 960 1933 ο),
993 1852 1209 1915 constitutum·
1259 1862 1293 1913 ta
1321 1848 1428 1919 clade,
1443 1842 1596 1914 amissum
1625 1851 1705 1924 fuit,
1735 1866 1772 1913 ut
1801 1850 1930 1914 ait'Dio
1947 1852 1981 1929 t).

459 1954 548 2019 lsaosl
576 1951 678 2029 dulsie
707 1950 747 2013 ab
774 1952 846 2035 ipso
875 1951 1043 2036 Augusto,
1074 1952 1206 2037 quando
1259 1951 1305 2012 Hi
1322 1964 1431 2015 tamen
1447 1951 1539 2013 numi
1557 1972 1670 2014 omnes
1693 1952 1762 2015 lsoc
1782 1972 1866 2016 auno
1884 1950 1983 2036 signsti

460 2054 599 2121 deorum
622 2052 757 2117 instrum
780 2072 843 2136 epe
865 2052 972 2119 victor
992 2054 1034 2117 sle
1056 2053 1206 2118 hostibus
1260 2074 1326 2115 non
1341 2066 1431 2131 suut,
1457 2075 1532 2116 num
1549 2053 1750 2131 ridebimus,
1776 2054 1894 2119 iactum
1913 2051 1985 2114 istud

461 2157 584 2234 erasit,
623 2152 711 2239 quod
742 2167 831 2217 tuato
867 2154 1045 2220 uerisimile
1081 2155 1203 2239 magis,
1260 2147 1536 2217 honorificum'in
1559 2158 1665 2218 numia
1689 2174 1841 2239 quoque,
1868 2147 1985 2241 puiper
2072 2209 2073 2212 ,

459 2260 610 2343 quoniam
628 2254 791 2339 Apollinis
810 2256 947 2318 Palatini
967 2255 1095 2319 ltabitus
1114 2256 1204 2319 idem
1261 2268 1352 2319 certa
1367 2254 1501 2319 criteria
1520 2254 1561 2318 asl
1580 2256 1768 2340 sequiorum
1794 2278 1908 2321 annum
1925 2274 1986 2339 per·

460 2358 594 2425 omniuo
620 2356 701 2433 fuit,
728 2356 784 2437 qui
811 2356 914 2433 Actii,
947 2371 983 2420 ut
1012 2357 1137 2441 patebit
1162 2378 1206 2421 ex
1261 2357 1383 2434 tinent,
1424 2356 1610 2419 memorari.
1659 2356 1749 2451 Quin
1792 2357 1869 2421 iscti
1898 2356 1986 2439 tujus

460 2460 568 2523 numis
590 2454 761 2522 Commodi
786 2457 861 2518 anni
886 2458 929 2525 Vs
951 2456 988 2525 C.
1011 2466 1085 2541 944.
1121 2460 1207 2521 Gon·'
1261 2456 1453 2522 memoriam
1471 2472 1643 2523 conseruat
1662 2459 1761 2523 etium
1782 2480 1898 2523 numus
1917 2476 1988 2520 mor-

461 2573 525 2625 stus
544 2580 625 2629 vcro
646 2558 749 2621 etism.
765 2576 807 2621 ex
829 2557 987 2621 Suetonio
1002 2555 1050 2641 d),
1073 2573 1107 2623 et
1125 2559 1206 2622 Dio-
1260 2572 1318 2625 tuo
1336 2560 1486 2645 Augusto
1503 2560 1663 2644 signatus,
1690 2580 1791 2645 quem
1809 2560 1883 2626 vids
1898 2559 1928 2622 in
1941 2578 1989 2620 nu·

460 2682 506 2727 ne
531 2663 578 2745 θ),
617 2658 658 2724 sb
686 2659 835 2741 Augusto
866 2657 968 2722 fuisse
1001 2659 1206 2725 aedificatum
1261 2662 1323 2725 mis
1345 2663 1387 2723 D.
1405 2662 1557 2745 Augusti.
1586 2660 1850 2739 Historicor'um,
1871 2674 1904 2725 et
1925 2676 1990 2742 pos·

375 2771 377 2778 ’
458 2763 618 2848 templum
635 2761 815 2845 Apollinis,
841 2762 929 2848 quosl
948 2762 981 2824 iu
999 2762 1120 2848 palatio
1142 2777 1207 2828 ste-
1261 2777 1368 2828 tarum
1382 2763 1566 2828 testimonia
1586 2763 1628 2826 sle
1642 2758 1809 2827 'restitutis
1834 2764 1883 2827 lsis
1904 2761 1989 2846 signis

460 2868 520 2944 tit,
541 2889 559 2930 u
583 2885 647 2950 quo
667 2864 695 2926 is
716 2866 895 2928 Palatinus
920 2862 1024 2927 dictus
1047 2877 1109 2928 est.
1137 2867 1209 2929 lns·
1262 2865 1339 2931 vide
1372 2866 1512 2929 collecte
1547 2887 1565 2927 a
1593 2865 1786 2948 Schlegelio
1808 2862 1855 2948 l¹).
1872 2900 1875 2909 ·
1891 2866 1993 2926 Narrat

461 2989 521 3032 nes
534 2968 674 3032 aliorum
691 2965 765 3049 plus
787 2985 892 3051 aequo
910 2967 1074 3050 sagacium
1090 2965 1132 3030 sle
1149 2989 1210 3028 nu·
1263 2967 1430 3043 Velleius,
1456 2979 1589 3050 praeter
1609 2965 1701 3049 sigua
1722 2965 1764 3030 de
1782 2968 1899 3030 Crasso
1915 2973 1992 3048 cepta

462 3073 523 3134 mis
546 3067 705 3134 similibus
730 3068 938 3153 conjectures
957 3065 1035 3133 vide
1056 3067 1145 3133 infre
1164 3065 1209 3133 ati
1264 3069 1361 3132 etism
1386 3081 1456 3130 tum
1480 3067 1581 3151 fuisse
1601 3066 1741 3130 remisse
1758 3069 1840 3146 illa,
1863 3085 1939 3153 quse
1958 3063 1992 3126 ie

466 3193 585 3236 annom
600 3171 643 3240 V·
659 3171 697 3235 C.
712 3167 787 3255 759.
1213 3159 1217 3167 ’
1262 3171 1310 3233 Μ.
1337 3170 1482 3234 Antonio
1508 3170 1598 3236 ricto
1625 3167 1936 3235 Phraates-Orodis
1958 3165 1990 3227 F.

1263 3289 1303 3333 ec
1327 3284 1400 3335 erat
1422 3285 1461 3336 ¹.
1750 3309 1756 3318 ·

646 3356 691 3417 V·
707 3353 744 3420 0·
759 3351 824 3436 7³4
842 3353 889 3420 A·
904 3352 950 3417 X·
968 3371 1022 3417 πο·
1304 3289 1326 3354 ⁹
1423 3275 1670 3456 ivovsrve
1697 3373 1808 3455 emus
1830 3373 1957 3436 namn

520 3473 584 3538 Tit.
605 3474 645 3536 Ρ.
659 3471 799 3540 HLIV.
821 3470 915 3536 008.
934 3471 1001 3536 XI.
1021 3468 1155 3535 PONT.
1264 3473 1660 3539 SIGNIS.RECEPT18.
1686 3475 1915 3557 Capricornus.
1935 3471 1994 3540 tv.

742 3591 842 3658 ῙΜΡ,
859 3589 927 3655 IX,
1264 3574 1436 3658 (Moruni,
1456 3575 1593 3656 Liebu.)

516 3715 569 3778 M.
584 3713 774 3797 Appuleio,
798 3713 833 3776 Ρ.
854 3709 940 3774 Silio
959 3707 1070 3776 Neruo
1088 3725 1153 3770 eos.
1282 3779 1291 3796 ·
1328 3676 1559 3793 C⁸Pfi⁰⁰f¹¹¹¹l
1570 3675 1611 3739 “d
1630 3677 1715 3792 Μῗθ
1732 3676 1827 3762 *ΨΜ
1842 3691 1996 3794 Ροῧᾞθθ·

1266 3793 1364 3852 unet,
1379 3799 1453 3843 nam
1469 3790 1616 3860 pungitur
1636 3793 1751 3854 ettam,
1763 3792 1802 3840 ut
1817 3774 1997 3845 ndcbrmus,

528 3883 625 3944 Semo
656 3879 691 3940 in
720 3875 829 3942 Asiam
863 3875 1067 3954 transmittit,
1104 3895 1210 3962 esque
1267 3901 1341 3945 eum
1361 3881 1564 3942 ARMENIA
1585 3880 1853 3944 cipum-Fuit
1874 3874 1997 3964 Augusti

442 3983 641 4048 'constituta
679 3977 804 4060 Syriam
839 3977 959 4044 invisit.
1007 3979 1039 4042 A
1064 3977 1206 4043 Phraate
1264 3983 1393 4068 signum
1423 3980 1681 4067 genethliacon,
1723 3981 1766 4044 sio
1796 4001 1864 4067 quo
1893 3993 1999 4066 agetur

325 4151 328 4156 ,
465 4082 588 4148 Partho
610 4081 730 4163 recipit
750 4080 842 4162 signu
863 4079 1030 4158 militaris,
1055 4095 1090 4146 et
1110 4083 1211 4166 cupti-
1266 4084 1354 4149 inira
1367 4084 1409 4148 sd
1424 4105 1543 4150 ennom
1561 4085 1603 4150 V.
1620 4085 1655 4146 C.
1673 4085 1750 4163 743.

467 4205 526 4248 ves
557 4207 575 4248 u
603 4182 713 4246 Crassi
743 4179 836 4246 elude
866 4182 1066 4264 superstites.
1104 4185 1209 4247 Misso
1428 4185 1611 4249 CAESAR.
1629 4185 1880 4256 Avovsrvs.
1903 4186 2001 4266 caput

439 4285 603 4370 ,wiberto
638 4283 816 4367 Tigranem
847 4281 1013 4346 Armeniis
1048 4283 1207 4368 praeficit.
1429 4290 1563 4350 nudum.

464 4387 582 4454 Varios
603 4405 664 4472 per
685 4405 761 4450 eum
779 4397 916 4450 tractum
934 4385 1071 4468 regulos
1090 4389 1208 4450 consti·
1266 4386 1417 4454 sttttttS.
1437 4387 1666 4494 nucnruts.
1692 4391 1793 4453 Mars
1818 4387 2004 4454 sensissem

503 4615 537 4681 ⁸)
553 4613 609 4670 Dio
624 4613 657 4670 1»-
665 4607 766 4670 Xle.
783 4613 807 4686 l·
817 4619 843 4675 8·
862 4613 990 4688 Appias.
1005 4609 1039 4670 Β.
1055 4609 1090 4669 C.
1103 4609 1182 4676 hv.
1196 4615 1293 4678 c.tt6.
1358 4615 1396 4688 b)
1413 4613 1445 4670 in
1461 4613 1579 4674 Theseo
1595 4557 1697 4693 espa.
1765 4616 1797 4685 e)
1813 4630 1885 4689 pag.
1894 4621 1970 4683 1119.
1979 4621 2000 4666 t.

468 4699 504 4770 d)
521 4700 551 4756 iu
562 4701 640 4776 Aug,
654 4720 681 4758 c.
691 4711 734 4774 ²⁹·
808 4703 839 4773 u)
859 4701 891 4760 L.
901 4700 1001 4759 XLIX.
1017 4705 1043 4774 §·
1055 4712 1097 4766 ts.
1164 4703 1193 4776 f)
1211 4702 1278 4763 Dio.
1349 4706 1382 4780 g)
1401 4701 1516 4768 ΜΝ.
1530 4707 1591 4778 §.80
1657 4705 1694 4778 h)
1712 4702 1752 4763 ud
1767 4698 1898 4762 Alorellll
1913 4701 2003 4777 Impp·

470 4787 504 4844 T.
516 4785 537 4846 l.
553 4807 583 4866 p.
593 4799 655 4854 ω.
671 4807 733 4866 seq.
808 4790 832 4864 i)
850 4789 883 4850 L.
893 4791 930 4855 11.
946 4809 970 4850 c.
981 4803 1026 4865 91.
1673 4843 1682 4856 .
1897 4823 1902 4830 ·
