4267 5500
715 574 1122 651 DOMITIANVS·
1620 604 1691 682 595

226 749 258 815 T
258 747 283 811 1
291 748 361 813 TV
367 746 425 811 tl
463 744 810 813 DOMITIANI.
946 746 1047 809 nullis
1068 744 1158 809 numi
1180 758 1310 811 veteres
1331 747 1481 815 laborant
1500 754 1699 819 monetario-
1759 702 1762 709 ·

947 871 1021 911 runs
1044 850 1212 932 peccetis?
1238 852 1305 913 Cur
1330 872 1411 936 ergo
1435 853 1467 915 in
1492 854 1695 921 absolvendo

452 912 587 978 σθω·
947 951 1012 1016 Isou
1035 950 1196 1014 Herduini
1219 971 1319 1016 numo
1345 967 1408 1017 tam
1433 954 1532 1017 simus
1557 956 1701 1041 diligen·-

181 1053 404 1119 Domitianum
430 1072 517 1117 anno
544 1053 585 1120 V.
606 1052 651 1118 C..
669 1052 733 1127 det
758 1072 891 1136 proees-
948 1066 1018 1130 tes,
1048 1054 1223 1137 praecipue
1247 1076 1321 1117 cum
1346 1068 1414 1133 tot,
1442 1076 1479 1120 ac
1504 1071 1568 1121 tam
1595 1058 1700 1121 certis

139 1160 222 1223 sisse
241 1158 410 1222 consulem
427 1156 587 1240 primun,
613 1166 647 1219 et
669 1153 802 1241 quidem
825 1156 891 1218 sui·
948 1155 1166 1217 monumentis
1197 1156 1412 1221 adversatur?
1455 1157 1606 1221 Admisso
1636 1158 1699 1244 igi·

138 1260 280 1336 fectum,
305 1258 348 1323 de
368 1278 438 1344 quo
455 1258 626 1320 consulatu
643 1256 732 1321 varie
752 1258 793 1319 ab
816 1278 892 1319 eru·
947 1270 1002 1319 tur
1028 1256 1201 1319 monetarii
1226 1258 1320 1341 lapsu
1342 1280 1449 1342 neque
1472 1263 1536 1322 erit
1557 1280 1699 1325 necesse

139 1363 216 1428 ditis
231 1362 292 1426 tais
309 1360 528 1443 disputatum,
556 1379 652 1440 supra
673 1357 715 1420 ad
738 1356 888 1441 ejusdcm
947 1358 1201 1445 circumspicere
1230 1380 1303 1420 cum
1329 1360 1526 1438 Mszeoleno
1554 1362 1694 1427 alterum

139 1466 215 1530 anni
242 1482 358 1526 numos
386 1460 609 1544 comprobavi.
653 1460 812 1522 Ceterum
845 1480 889 1523 ox
947 1460 1124 1545 effugium,
1147 1460 1289 1542 intelligi
1311 1461 1464 1523 nimirum
1483 1464 1601 1531 XVIII.
1621 1484 1700 1529 con·

140 1565 367 1633 consulatibus
392 1584 473 1640 see,
493 1582 595 1645 ques,
625 1574 796 1647 antequam
830 1562 889 1624 isu-
946 1562 1104 1641 sulatum,
1132 1560 1192 1625 aed
1210 1565 1438 1644 designatum,
1466 1565 1528 1627 etsi
1548 1564 1696 1629 absoluto

140 1668 271 1754 perium
287 1666 472 1741 obtineret,
498 1662 625 1738 obicit,
641 1663 769 1758 nocuisi
788 1686 889 1759 unum
946 1664 1071 1749 positus
1094 1663 1144 1727 sit.
1180 1660 1299 1725 Adfert
1328 1662 1356 1725 ie
1384 1664 1515 1749 quidem
1545 1666 1696 1750 exempla

140 1768 343 1835 ordinarium
364 1768 491 1852 gessit,
508 1785 649 1847 eumque
672 1764 832 1841 cedente,
855 1780 889 1830 et
945 1765 1053 1840 raris,
1082 1785 1312 1847 nonnunquam
1336 1766 1522 1829 consulatus
1547 1765 1700 1849 designe-

140 1870 338 1954 suffrsgsute
353 1869 524 1946 srstre,ut
538 1867 636 1929 docet
652 1866 836 1929 Suetonius
845 1868 889 1949 ⁸).
946 1880 999 1929 tos
1026 1879 1171 1948 sumptos
1199 1864 1300 1929 luisse
1328 1864 1478 1930 absolute
1502 1864 1547 1949 ¹),
1579 1888 1699 1931 verum

140 1974 216 2037 Fuit
246 1972 300 2035 hic
328 1972 414 2035 alter
443 1970 514 2054 ejus
542 1968 747 2046 consulatus,
790 1989 889 2051 quern
946 1966 1025 2030 alibi
1042 1964 1251 2044 docebimus,
1274 1967 1418 2031 rationes
1438 1967 1480 2031 ed
1501 1969 1534 2031 id
1556 1968 1694 2053 probun-

140 2074 233 2138 inivit
259 2074 302 2139 V.
328 2074 369 2137 (Ξ.
394 2073 469 2138 82⁶.
522 2071 628 2155 Magis
662 2070 746 2134 iuius
781 2068 890 2133 refert
946 2067 1027 2130 dum
1047 2068 1160 2131 allatss
1186 2070 1219 2131 iu
1243 2068 1359 2132 ialiace
1385 2069 1596 2133 fundamento
1623 2070 1693 2137 niti.

141 2173 317 2239 Suetonius
336 2170 391 2253 hta
421 2174 624 2235 Consulatus
643 2171 685 2233 Χ
683 2171 760 2233 VII.
783 2174 887 2252 cepit,
946 2172 1101 2232 Ceterum
1124 2190 1353 2255 nonnunquam
1372 2194 1390 2235 s
1408 2172 1597 2236 monetariis
1618 2192 1702 2235 con-

141 2289 222 2357 puot
236 2288 315 2338 ante
333 2295 408 2336 eum
430 2294 523 2335 nemo
544 2272 665 2350 (serius
681 2269 888 2335 Theodosius
946 2269 1106 2334 sulctuuns
1116 2272 1292 2334 Domitiani
1308 2270 1521 2336 suffectorum
1534 2274 1694 2336 rationem

139 2376 249 2459 junior
267 2375 400 2439 omniuo
411 2374 561 2453 xum),
572 2394 616 2435 ex
630 2375 750 2452 quibus
765 2386 888 2456 septem
946 2394 1012 2435 non
1031 2372 1133 2435 fuisse
1152 2373 1308 2451 habitem,
1326 2376 1515 2457 exemplum
1530 2374 1624 2439 altius
1640 2372 1704 2438 de·-

140 2481 267 2543 mettas
283 2478 513 2557 continuavit,
528 2494 640 2535 uermes
656 2486 769 2536 cutem
782 2493 889 2555 paone
947 2475 1053 2538 dimus
1069 2472 1111 2538 ed
1127 2496 1246 2537 anuum
1263 2476 1306 2543 V.
1321 2478 1358 2541 C.
1376 2476 1455 2543 832.
1653 2456 1658 2467 .

141 2580 246 2644 titulo
262 2592 360 2641 tenus
373 2579 503 2659 gessit,
512 2590 572 2636 nec
584 2593 779 2653 quanquam
795 2575 888 2635 ultra
1155 2644 1160 2651 ,

141 2682 310 2744 Kalendas
327 2678 429 2756 Mujt',
439 2677 555 2760 plures
571 2676 617 2737 ad
628 2676 706 2737 idus
718 2693 821 2754 usque
836 2674 890 2735 Ia·
1140 2664 1305 2748 Fontis&
1325 2664 1507 2727 maximus·

140 2785 297 2848 nuutios.
314 2775 889 2844 Etiamncsoaicsxvt1.nomitta-
989 2781 1210 2845 Domitianum
1242 2801 1309 2843 nou
1340 2783 1496 2846 continuo
1531 2801 1604 2844 cum
1638 2781 1703 2842 iss·⁴

139 2885 175 2946 ni
191 2883 377 2948 consulatus
396 2879 631 2960 enumerate),
657 2891 692 2940 ot
711 2875 888 2976 suffragan·
946 2881 1042 2966 perio
1073 2882 1213 2947 adivisse
1246 2881 1467 2964 pontificatum
1502 2881 1702 2958 maximum,

140 3001 198 3048 tur
216 3005 378 3049 marmore
400 2982 532 3057 omnis,
558 2993 592 3044 et
616 2980 722 3055 numi,
752 2977 887 3062 dempto
946 3003 1061 3048 rerum
1092 2984 1255 3069 eliquanto
1284 2983 1407 3058 serius,
1437 2981 1577 3066 probant
1602 2983 1693 3044 nunti

140 3089 262 3165 unico,
296 3107 396 3171 quem
426 3095 559 3169 praeter
591 3081 633 3147 cl.
657 3081 827 3149 Valesiuus
854 3079 887 3163 d)
946 3086 988 3151 sd
1012 3106 1131 3150 annum
1152 3085 1194 3150 V.
1213 3086 1249 3149 C.
1269 3084 1332 3160 834
1355 3081 1530 3166 descripti,
1561 3083 1594 3143 in
1617 3103 1696 3166 quo·

139 3191 250 3254 laudat
277 3185 465 3250 Bardaicus
505 3203 643 3247 aeneum
682 3186 707 3248 l.
743 3182 887 3261 formae,
945 3210 1019 3251 rum
1043 3188 1115 3251 aliis
1135 3183 1294 3252 unacum
1313 3185 1453 3270 Augusti
1471 3182 1692 3270 'appellatione

140 3307 175 3356 ct
205 3290 395 3372 inscriptum
406 3307 421 3357 ε,
453 3287 542 3350 ruff.
574 3284 697 3348 CAES.
730 3284 887 3348 DOMIT.
946 3287 1423 3374 dicitursimplioiterPONT.,
1437 3285 1699 3350 in'aliisPON'l'.

142 3387 887 3460 .tve.etttttt.cos.xv111.ct:tts.PEnP.
946 3393 1054 3458 mx,

141 3497 180 3560 Ρ.
218 3496 278 3571 P.,
326 3503 465 3556 testatus
511 3501 706 3573 praeterea,
753 3509 889 3550 numum

140 3617 215 3660 esse
231 3592 501 3678 integerrimum,
521 3611 559 3654 ac
575 3588 819 3665 nitidissimum,
844 3605 891 3652 at·
1254 3579 1388 3641 Censor·

141 3719 209 3783 que
229 3717 272 3760 ex
297 3714 340 3758 eo
361 3694 462 3758 iustos
481 3711 555 3756 esse
574 3690 810 3774 corrigendos,
832 3693 889 3777 qui
989 3697 1108 3760 Narrat
1136 3697 1206 3760 Dic·
1225 3699 1274 3778 s),
1307 3691 1494 3758 Domitiano
1525 3695 1565 3757 ab
1597 3715 1701 3780 erpe-

141 3801 328 3864 cocsulstus
353 3808 475 3858 tsntucs
492 3793 596 3862 xvn.
622 3792 809 3857 Domitiano
832 3794 889 3857 tri·
947 3797 1072 3860 ditione
1095 3797 1285 3862 Germanice
1315 3817 1452 3861 reverso
1480 3795 1650 3861 deeretum
1674 3821 1693 3860 a

140 3901 246 3964 bunut
267 3901 312 3980 θ).
346 3899 391 3959 At
418 3917 482 3980 ego
504 3913 585 3978 pace
609 3893 673 3958 tiri
696 3893 817 3956 eruditi
841 3893 889 3956 di·
945 3909 1081 3976 senatu,
1111 3913 1165 3978 ut,
1192 3899 1280 3984 quod
1307 3897 1435 3962 nemini
1457 3897 1562 3963 adhuc
1591 3899 1695 3963 conti-

141 4023 244 4080 rero,
273 3999 384 4063 melius
411 4019 454 4064 ex
483 3994 632 4081 pmuibus
656 3996 887 4082 scriptoribus,
946 4002 1010 4086 pit,
1041 4021 1155 4064 censor
1176 4012 1355 4082 perpeterer
1378 4001 1525 4084 (eripuere
1543 3997 1596 4062 dea
1615 4003 1694 4083 βιου)

143 4117 176 4166 et
196 4100 415 4167 monumentis
432 4119 532 4162 unum
549 4117 702 4174 numum,
726 4118 822 4183 quam
845 4119 886 4163 ex
946 4101 1184 4186 designaretur.
1214 4100 1446 4166 Tillemontius
1466 4123 1536 4166 sens
1561 4101 1700 4187 expedi-

142 4225 209 4268 uao
235 4222 334 4268 numo
362 4201 439 4264 illos
466 4219 580 4264 omnes
609 4198 744 4282 corrigi.
786 4203 886 4278 Esto,
945 4205 1068 4268 tionem
1090 4201 1163 4286 tigit
1183 4203 1225 4264 sd
1246 4225 1364 4266 annum
1386 4205 1427 4271 V.
1450 4205 1486 4268 C.
1508 4203 1582 4269 836.
1627 4204 1694 4269 Ve-

142 4327 279 4370 uunsusn
304 4313 378 4370 esse
406 4303 591 4386 integrum,
618 4321 655 4364 ec
684 4323 816 4379 sanum,
845 4325 885 4366 su
944 4327 1016 4368 rusn
1038 4325 1113 4370 cum
1135 4303 1225 4368 numi
1245 4302 1450 4390 Hediclrarbi
1472 4304 1691 4369 Domitianum

178 4646 209 4714 a)
230 4641 469 4701 hormines.
543 4635 580 4709 b)
601 4637 675 4712 Cap.
694 4647 737 4700 ¹³»
812 4637 895 4708 elin
910 4638 1028 4712 gratier.
1046 4637 1163 4695 actione
1177 4655 1232 4714 pro
1248 4635 1402 4695 consulatu
1417 4634 1456 4692 ad
1472 4637 1646 4696 Gratianum
1664 4659 1689 4694 r.

144 4744 187 4792 ot.
262 4731 297 4804 d)
316 4727 491 4787 uultur.
511 4728 547 4788 t.
564 4725 629 4786 xtt.
647 4739 756 4804 pm.
811 4731 843 4799 s)
863 4725 937 4783 Iiiet.
955 4727 1030 4801 Aug.
1052 4725 1092 4782 ad
1112 4745 1228 4786 auuunr
1241 4725 1274 4782 P.
1286 4723 1321 4784 Χ,
1338 4729 1382 4798 96.
1476 4727 1503 4796 0
1531 4727 1689 4804 Iuimedc.

143 4817 593 4894 v1.icaan.mus.ttsautp.
614 4827 751 4880 tttt25.
814 4825 845 4893 p)
864 4813 1026 4874 1..va11.
1044 4815 1109 4889 Μ.
1299 4905 1330 4967 n
1353 4907 1373 4968 d
1396 4907 1458 4968 da
