<?xml version="1.0" encoding="UTF-8"?>
<!DOCTYPE html PUBLIC "-//W3C//DTD XHTML 1.0 Transitional//EN"
    "http://www.w3.org/TR/xhtml1/DTD/xhtml1-transitional.dtd">
<html xmlns="http://www.w3.org/1999/xhtml" xml:lang="en" lang="en">
 <head>
  <title>
</title>
<meta http-equiv="Content-Type" content="text/html;charset=utf-8" />
  <meta name='ocr-system' content='tesseract 3.04.00' />
  <meta name='ocr-capabilities' content='ocr_page ocr_carea ocr_par ocr_line ocrx_word'/>
</head>
<body>
  <div class='ocr_page' id='page_1' title='image "./doctrinanumorum01steigoog/doctrinanumorum01steigoog_0193.png"; bbox 0 0 4267 5500; ppageno 0'>
   <div class='ocr_carea' id='block_1_1' title="bbox 889 566 1062 665">
    <p class='ocr_par' dir='ltr' id='par_1_1' title="bbox 889 566 1062 665">
     <span class='ocr_line' id='line_1_1' title="bbox 889 566 1062 665; baseline 0 -2"><span class='ocrx_word' id='word_1_1' title='bbox 889 566 1062 665; x_wconf 74' lang='lat' dir='ltr'><strong>attis.</strong></span> 
     </span>
    </p>
   </div>
   <div class='ocr_carea' id='block_1_2' title="bbox 203 757 953 1355">
    <p class='ocr_par' dir='ltr' id='par_1_2' title="bbox 203 757 953 1355">
     <span class='ocr_line' id='line_1_2' title="bbox 267 757 952 845; baseline 0.004 -24"><span class='ocrx_word' id='word_1_2' title='bbox 267 760 348 825; x_wconf 75' lang='lat' dir='ltr'><strong>Pars</strong></span> <span class='ocrx_word' id='word_1_3' title='bbox 380 758 484 822; x_wconf 82' lang='lat' dir='ltr'><strong>antica</strong></span> <span class='ocrx_word' id='word_1_4' title='bbox 518 757 728 824; x_wconf 82' lang='lat' dir='ltr'><strong>hauddubie</strong></span> <span class='ocrx_word' id='word_1_5' title='bbox 759 760 952 845; x_wconf 85' lang='lat' dir='ltr'><strong>deprompta</strong></span> 
     </span>
     <span class='ocr_line' id='line_1_3' title="bbox 204 860 953 949; baseline 0.005 -25"><span class='ocrx_word' id='word_1_6' title='bbox 204 874 255 925; x_wconf 88' lang='lat' dir='ltr'><strong>est</strong></span> <span class='ocrx_word' id='word_1_7' title='bbox 280 882 322 923; x_wconf 82' lang='lat' dir='ltr'><strong>ex</strong></span> <span class='ocrx_word' id='word_1_8' title='bbox 343 860 504 949; x_wconf 51' lang='lat' dir='ltr'><strong>¹Romanis</strong></span> <span class='ocrx_word' id='word_1_9' title='bbox 527 861 653 923; x_wconf 83' lang='lat' dir='ltr'><strong>Tiberii</strong></span> <span class='ocrx_word' id='word_1_10' title='bbox 678 863 800 940; x_wconf 80' lang='lat' dir='ltr'><strong>numia,</strong></span> <span class='ocrx_word' id='word_1_11' title='bbox 824 877 859 928; x_wconf 90' lang='lat' dir='ltr'><strong>ut</strong></span> <span class='ocrx_word' id='word_1_12' title='bbox 883 865 953 928; x_wconf 90' lang='lat' dir='ltr'><strong>uni-</strong></span> 
     </span>
     <span class='ocr_line' id='line_1_4' title="bbox 204 960 952 1052; baseline 0.011 -27"><span class='ocrx_word' id='word_1_13' title='bbox 204 964 325 1028; x_wconf 78' lang='lat' dir='ltr'><strong>remim</strong></span> <span class='ocrx_word' id='word_1_14' title='bbox 347 960 507 1041; x_wconf 76' lang='lat' dir='ltr'><strong>observo,</strong></span> <span class='ocrx_word' id='word_1_15' title='bbox 533 964 709 1050; x_wconf 71' lang='lat' dir='ltr'>Hispaniae</span> <span class='ocrx_word' id='word_1_16' title='bbox 732 964 832 1030; x_wconf 86' lang='lat' dir='ltr'><strong>urbes</strong></span> <span class='ocrx_word' id='word_1_17' title='bbox 857 980 952 1052; x_wconf 85' lang='lat' dir='ltr'><strong>typos</strong></span> 
     </span>
     <span class='ocr_line' id='line_1_5' title="bbox 203 1058 952 1155; baseline 0.003 -24"><span class='ocrx_word' id='word_1_18' title='bbox 203 1086 246 1131; x_wconf 80' lang='lat' dir='ltr'><strong>ex</strong></span> <span class='ocrx_word' id='word_1_19' title='bbox 278 1066 351 1150; x_wconf 81' lang='lat' dir='ltr'><strong>ejus</strong></span> <span class='ocrx_word' id='word_1_20' title='bbox 383 1064 590 1150; x_wconf 87' lang='lat' dir='ltr'><strong>imperatoris</strong></span> <span class='ocrx_word' id='word_1_21' title='bbox 620 1067 728 1131; x_wconf 88' lang='lat' dir='ltr'><strong>uumis</strong></span> <span class='ocrx_word' id='word_1_22' title='bbox 760 1058 952 1155; x_wconf 76' lang='lat' dir='ltr'><strong>frequentes</strong></span> 
     </span>
     <span class='ocr_line' id='line_1_6' title="bbox 203 1170 951 1250; baseline 0.003 -19"><span class='ocrx_word' id='word_1_23' title='bbox 203 1181 377 1232; x_wconf 81' lang='lat' dir='ltr'><strong>mutuatos.</strong></span> <span class='ocrx_word' id='word_1_24' title='bbox 424 1172 462 1231; x_wconf 87' lang='lat' dir='ltr'><strong>Iu</strong></span> <span class='ocrx_word' id='word_1_25' title='bbox 491 1190 606 1235; x_wconf 76' lang='lat' dir='ltr'><strong>aversa</strong></span> <span class='ocrx_word' id='word_1_26' title='bbox 637 1170 784 1235; x_wconf 79' lang='lat' dir='ltr'><strong>ridemus</strong></span> <span class='ocrx_word' id='word_1_27' title='bbox 822 1172 951 1250; x_wconf 89' lang='lat' dir='ltr'><strong>Iuliam,</strong></span> 
     </span>
     <span class='ocr_line' id='line_1_7' title="bbox 203 1270 950 1355; baseline 0.007 -22"><span class='ocrx_word' id='word_1_28' title='bbox 203 1288 299 1355; x_wconf 86' lang='lat' dir='ltr'><strong>quam</strong></span> <span class='ocrx_word' id='word_1_29' title='bbox 319 1270 383 1352; x_wconf 84' lang='lat' dir='ltr'><strong>jam</strong></span> <span class='ocrx_word' id='word_1_30' title='bbox 401 1271 785 1349; x_wconf 55' lang='lat' dir='ltr'><strong>sustentamentis,</strong></span> <span class='ocrx_word' id='word_1_31' title='bbox 804 1276 950 1349; x_wconf 90' lang='lat' dir='ltr'><strong>Iunonis,</strong></span> 
     </span>
    </p>
   </div>
   <div class='ocr_carea' id='block_1_3' title="bbox 1010 593 1759 949">
    <p class='ocr_par' dir='ltr' id='par_1_3' title="bbox 1010 593 1759 949">
     <span class='ocr_line' id='line_1_8' title="bbox 1687 593 1754 680; baseline 0.045 -4"><span class='ocrx_word' id='word_1_32' title='bbox 1687 593 1754 680; x_wconf 63' lang='lat' dir='ltr'><strong>m</strong></span> 
     </span>
     <span class='ocr_line' id='line_1_9' title="bbox 1024 756 1757 858; baseline 0.001 -30"><span class='ocrx_word' id='word_1_33' title='bbox 1024 780 1028 787; x_wconf 85' lang='lat'>·</span> <span class='ocrx_word' id='word_1_34' title='bbox 1075 759 1223 846; x_wconf 75' lang='lat' dir='ltr'>Vterque</span> <span class='ocrx_word' id='word_1_35' title='bbox 1247 782 1368 825; x_wconf 48' lang='lat' dir='ltr'><strong>numus*</strong></span> <span class='ocrx_word' id='word_1_36' title='bbox 1389 774 1440 825; x_wconf 89' lang='lat' dir='ltr'><strong>est</strong></span> <span class='ocrx_word' id='word_1_37' title='bbox 1458 756 1606 858; x_wconf 76' lang='lat' dir='ltr'><strong>coloniae</strong></span> <span class='ocrx_word' id='word_1_38' title='bbox 1626 764 1757 829; x_wconf 76' lang='lat' dir='ltr'><strong>Caesar·</strong></span> 
     </span>
     <span class='ocr_line' id='line_1_10' title="bbox 1010 863 1759 949; baseline 0.004 -22"><span class='ocrx_word' id='word_1_39' title='bbox 1010 875 1175 947; x_wconf 73' lang='lat' dir='ltr'><strong>augustae.</strong></span> <span class='ocrx_word' id='word_1_40' title='bbox 1196 863 1295 925; x_wconf 80' lang='lat' dir='ltr'><strong>Prior</strong></span> <span class='ocrx_word' id='word_1_41' title='bbox 1310 877 1402 927; x_wconf 88' lang='lat' dir='ltr'><strong>certe</strong></span> <span class='ocrx_word' id='word_1_42' title='bbox 1420 864 1564 949; x_wconf 82' lang='lat' dir='ltr'><strong>signatus</strong></span> <span class='ocrx_word' id='word_1_43' title='bbox 1589 878 1639 929; x_wconf 90' lang='lat' dir='ltr'><strong>est</strong></span> <span class='ocrx_word' id='word_1_44' title='bbox 1657 867 1759 948; x_wconf 87' lang='lat' dir='ltr'><strong>impe-</strong></span> 
     </span>
    </p>
   </div>
   <div class='ocr_carea' id='block_1_4' title="bbox 990 959 1759 1149">
    <p class='ocr_par' dir='ltr' id='par_1_4' title="bbox 990 959 1759 1149">
     <span class='ocr_line' id='line_1_11' title="bbox 990 959 1759 1060; baseline 0.005 -33"><span class='ocrx_word' id='word_1_45' title='bbox 990 971 1103 1060; x_wconf 82' lang='lat' dir='ltr'><strong>rante</strong></span> <span class='ocrx_word' id='word_1_46' title='bbox 1121 962 1280 1042; x_wconf 83' lang='lat' dir='ltr'><strong>Tiberio,</strong></span> <span class='ocrx_word' id='word_1_47' title='bbox 1308 985 1382 1027; x_wconf 86' lang='lat' dir='ltr'><strong>nam</strong></span> <span class='ocrx_word' id='word_1_48' title='bbox 1403 959 1504 1031; x_wconf 82' lang='lat' dir='ltr'><strong>offert</strong></span> <span class='ocrx_word' id='word_1_49' title='bbox 1524 967 1559 1029; x_wconf 92' lang='lat' dir='ltr'><strong>in</strong></span> <span class='ocrx_word' id='word_1_50' title='bbox 1579 974 1693 1058; x_wconf 76' lang='lat' dir='ltr'><strong>aversa</strong></span> <span class='ocrx_word' id='word_1_51' title='bbox 1709 972 1759 1031; x_wconf 88' lang='lat' dir='ltr'><strong>Iu·</strong></span> 
     </span>
     <span class='ocr_line' id='line_1_12' title="bbox 990 1063 1757 1149; baseline 0.012 -22"><span class='ocrx_word' id='word_1_52' title='bbox 990 1068 1141 1144; x_wconf 76' lang='lat' dir='ltr'><strong>&#39;nianum</strong></span> <span class='ocrx_word' id='word_1_53' title='bbox 1178 1067 1309 1147; x_wconf 83' lang='lat' dir='ltr'><strong>Lupum</strong></span> <span class='ocrx_word' id='word_1_54' title='bbox 1345 1069 1565 1149; x_wconf 82' lang='lat' dir='ltr'><strong>praefectum,</strong></span> <span class='ocrx_word' id='word_1_55' title='bbox 1608 1083 1677 1134; x_wconf 89' lang='lat' dir='ltr'><strong>tum</strong></span> <span class='ocrx_word' id='word_1_56' title='bbox 1718 1063 1757 1136; x_wconf 77' lang='lat' dir='ltr'><strong>C.</strong></span> 
     </span>
    </p>
   </div>
   <div class='ocr_carea' id='block_1_5' title="bbox 1009 1166 1794 1359">
    <p class='ocr_par' dir='ltr' id='par_1_5' title="bbox 1009 1166 1794 1359">
     <span class='ocr_line' id='line_1_13' title="bbox 1010 1166 1756 1255; baseline 0.005 -24"><span class='ocrx_word' id='word_1_57' title='bbox 1010 1170 1203 1243; x_wconf 83' lang='lat' dir='ltr'><strong>Caesarem,</strong></span> <span class='ocrx_word' id='word_1_58' title='bbox 1239 1166 1375 1232; x_wconf 76' lang='lat' dir='ltr'><strong>subinde</strong></span> <span class='ocrx_word' id='word_1_59' title='bbox 1410 1172 1608 1255; x_wconf 83' lang='lat' dir='ltr'><strong>Augustum,</strong></span> <span class='ocrx_word' id='word_1_60' title='bbox 1648 1185 1682 1236; x_wconf 90' lang='lat' dir='ltr'><strong>et</strong></span> <span class='ocrx_word' id='word_1_61' title='bbox 1718 1173 1756 1235; x_wconf 88' lang='lat' dir='ltr'><strong>C.</strong></span> 
     </span>
     <span class='ocr_line' id='line_1_14' title="bbox 1009 1270 1794 1359; baseline 0.008 -28"><span class='ocrx_word' id='word_1_62' title='bbox 1009 1270 1227 1353; x_wconf 81' lang='lat' dir='ltr'><strong>Pompdnium</strong></span> <span class='ocrx_word' id='word_1_63' title='bbox 1260 1272 1394 1333; x_wconf 86' lang='lat' dir='ltr'><strong>Parrum</strong></span> <span class='ocrx_word' id='word_1_64' title='bbox 1426 1273 1562 1352; x_wconf 86' lang='lat' dir='ltr'><strong>liviros,</strong></span> <span class='ocrx_word' id='word_1_65' title='bbox 1600 1274 1657 1359; x_wconf 88' lang='lat' dir='ltr'><strong>qui</strong></span> <span class='ocrx_word' id='word_1_66' title='bbox 1691 1295 1759 1337; x_wconf 88' lang='lat' dir='ltr'><strong>om·</strong></span> <span class='ocrx_word' id='word_1_67' title='bbox 1791 1301 1794 1310; x_wconf 64' lang='grc'><em>’</em></span> 
     </span>
    </p>
   </div>
   <div class='ocr_carea' id='block_1_6' title="bbox 201 1365 1758 1458">
    <p class='ocr_par' dir='ltr' id='par_1_6' title="bbox 201 1365 1758 1458">
     <span class='ocr_line' id='line_1_15' title="bbox 201 1365 1758 1458; baseline 0.002 -21"><span class='ocrx_word' id='word_1_68' title='bbox 201 1374 327 1437; x_wconf 86' lang='lat' dir='ltr'><strong>Dianae</strong></span> <span class='ocrx_word' id='word_1_69' title='bbox 340 1394 483 1458; x_wconf 87' lang='lat' dir='ltr'><strong>persona</strong></span> <span class='ocrx_word' id='word_1_70' title='bbox 501 1376 950 1458; x_wconf 80' lang='lat' dir='ltr'><strong>conspeximus,nuncetiam</strong></span> <span class='ocrx_word' id='word_1_71' title='bbox 1003 1394 1068 1435; x_wconf 83' lang='lat' dir='ltr'><strong>nos</strong></span> <span class='ocrx_word' id='word_1_72' title='bbox 1095 1385 1318 1435; x_wconf 73' lang='lat' dir='ltr'><strong>memorantur</strong></span> <span class='ocrx_word' id='word_1_73' title='bbox 1346 1371 1502 1435; x_wconf 86' lang='lat' dir='ltr'><strong>otiaqu</strong></span> <span class='ocrx_word' id='word_1_74' title='bbox 1530 1396 1630 1439; x_wconf 88' lang='lat' dir='ltr'><strong>numo</strong></span> <span class='ocrx_word' id='word_1_75' title='bbox 1659 1365 1758 1441; x_wconf 67' lang='lat' dir='ltr'><strong>Tibb-</strong></span> 
     </span>
    </p>
   </div>
   <div class='ocr_carea' id='block_1_7' title="bbox 203 1476 950 1561">
    <p class='ocr_par' dir='ltr' id='par_1_7' title="bbox 203 1476 950 1561">
     <span class='ocr_line' id='line_1_16' title="bbox 203 1476 950 1561; baseline 0.005 -20"><span class='ocrx_word' id='word_1_76' title='bbox 203 1477 339 1541; x_wconf 85' lang='lat' dir='ltr'><strong>Cereris</strong></span> <span class='ocrx_word' id='word_1_77' title='bbox 367 1476 478 1560; x_wconf 90' lang='lat' dir='ltr'><strong>specie</strong></span> <span class='ocrx_word' id='word_1_78' title='bbox 503 1476 582 1541; x_wconf 87' lang='lat' dir='ltr'><strong>sisti.</strong></span> <span class='ocrx_word' id='word_1_79' title='bbox 613 1478 686 1539; x_wconf 89' lang='lat' dir='ltr'><strong>Non</strong></span> <span class='ocrx_word' id='word_1_80' title='bbox 710 1479 750 1539; x_wconf 88' lang='lat' dir='ltr'><strong>ab</strong></span> <span class='ocrx_word' id='word_1_81' title='bbox 772 1478 950 1561; x_wconf 78' lang='lat' dir='ltr'><strong>Hispaniae</strong></span> 
     </span>
    </p>
   </div>
   <div class='ocr_carea' id='block_1_8' title="bbox 204 1578 978 1669">
    <p class='ocr_par' dir='ltr' id='par_1_8' title="bbox 204 1578 978 1669">
     <span class='ocr_line' id='line_1_17' title="bbox 204 1578 978 1669; baseline 0 -26"><span class='ocrx_word' id='word_1_82' title='bbox 204 1593 328 1643; x_wconf 83' lang='lat' dir='ltr'><strong>tantum</strong></span> <span class='ocrx_word' id='word_1_83' title='bbox 360 1578 495 1643; x_wconf 82' lang='lat' dir='ltr'><strong>urbibus</strong></span> <span class='ocrx_word' id='word_1_84' title='bbox 527 1579 658 1641; x_wconf 85' lang='lat' dir='ltr'><strong>Cereris</strong></span> <span class='ocrx_word' id='word_1_85' title='bbox 687 1578 753 1641; x_wconf 84' lang='lat' dir='ltr'><strong>ritu</strong></span> <span class='ocrx_word' id='word_1_86' title='bbox 780 1581 866 1642; x_wconf 89' lang='lat' dir='ltr'><strong>culta</strong></span> <span class='ocrx_word' id='word_1_87' title='bbox 901 1595 978 1669; x_wconf 80' lang='lat' dir='ltr'><strong>est</strong></span> 
     </span>
    </p>
   </div>
   <div class='ocr_carea' id='block_1_9' title="bbox 199 1680 950 1971">
    <p class='ocr_par' dir='ltr' id='par_1_9' title="bbox 199 1680 950 1971">
     <span class='ocr_line' id='line_1_18' title="bbox 203 1680 949 1764; baseline 0.004 -21"><span class='ocrx_word' id='word_1_88' title='bbox 203 1680 300 1755; x_wconf 85' lang='lat' dir='ltr'><strong>Iulia,</strong></span> <span class='ocrx_word' id='word_1_89' title='bbox 323 1702 399 1743; x_wconf 88' lang='lat' dir='ltr'><strong>uam</strong></span> <span class='ocrx_word' id='word_1_90' title='bbox 421 1694 588 1764; x_wconf 86' lang='lat' dir='ltr'><strong>repertum</strong></span> <span class='ocrx_word' id='word_1_91' title='bbox 607 1694 657 1743; x_wconf 86' lang='lat' dir='ltr'><strong>est</strong></span> <span class='ocrx_word' id='word_1_92' title='bbox 676 1681 828 1743; x_wconf 87' lang='lat' dir='ltr'><strong>ininsula</strong></span> <span class='ocrx_word' id='word_1_93' title='bbox 844 1682 949 1746; x_wconf 88' lang='lat' dir='ltr'><strong>Gaulo</strong></span> 
     </span>
     <span class='ocr_line' id='line_1_19' title="bbox 200 1782 950 1867; baseline -0.001 -21"><span class='ocrx_word' id='word_1_94' title='bbox 200 1802 363 1861; x_wconf 83' lang='lat' dir='ltr'><strong>marmor,</strong></span> <span class='ocrx_word' id='word_1_95' title='bbox 393 1782 482 1867; x_wconf 83' lang='lat' dir='ltr'><strong>quod</strong></span> <span class='ocrx_word' id='word_1_96' title='bbox 507 1783 649 1847; x_wconf 84' lang='lat' dir='ltr'><strong>servavit</strong></span> <span class='ocrx_word' id='word_1_97' title='bbox 679 1784 876 1847; x_wconf 84' lang='lat' dir='ltr'><strong>Muratorius</strong></span> <span class='ocrx_word' id='word_1_98' title='bbox 899 1787 950 1867; x_wconf 74' lang='lat'><strong>⁸),</strong></span> 
     </span>
     <span class='ocr_line' id='line_1_20' title="bbox 199 1886 479 1971; baseline -0.021 -22"><span class='ocrx_word' id='word_1_99' title='bbox 199 1888 234 1948; x_wconf 86' lang='lat' dir='ltr'><strong>in</strong></span> <span class='ocrx_word' id='word_1_100' title='bbox 255 1908 321 1971; x_wconf 89' lang='lat' dir='ltr'><strong>quo</strong></span> <span class='ocrx_word' id='word_1_101' title='bbox 340 1886 479 1970; x_wconf 78' lang='lat' dir='ltr'><strong>legiturr</strong></span> 
     </span>
    </p>
   </div>
   <div class='ocr_carea' id='block_1_10' title="bbox 263 2021 884 2293">
    <p class='ocr_par' dir='ltr' id='par_1_10' title="bbox 263 2021 884 2293">
     <span class='ocr_line' id='line_1_21' title="bbox 263 2021 884 2089; baseline -0.002 -2"><span class='ocrx_word' id='word_1_102' title='bbox 263 2022 439 2087; x_wconf 80' lang='lat' dir='ltr'><strong>CERERI.</strong></span> <span class='ocrx_word' id='word_1_103' title='bbox 463 2022 622 2087; x_wconf 74' lang='lat' dir='ltr'><strong>IVLIAE.</strong></span> <span class='ocrx_word' id='word_1_104' title='bbox 646 2021 884 2089; x_wconf 83' lang='lat' dir='ltr'><strong>AVGVSTAE</strong></span> 
     </span>
     <span class='ocr_line' id='line_1_22' title="bbox 323 2124 821 2199; baseline 0 -14"><span class='ocrx_word' id='word_1_105' title='bbox 323 2125 429 2191; x_wconf 86' lang='lat' dir='ltr'><strong>DIVI.</strong></span> <span class='ocrx_word' id='word_1_106' title='bbox 451 2124 657 2199; x_wconf 74' lang='lat' dir='ltr'><strong>AVGVSTI.</strong></span> <span class='ocrx_word' id='word_1_107' title='bbox 680 2126 821 2185; x_wconf 83' lang='lat' dir='ltr'><strong>MATRI</strong></span> 
     </span>
     <span class='ocr_line' id='line_1_23' title="bbox 264 2225 882 2293; baseline 0.005 -5"><span class='ocrx_word' id='word_1_108' title='bbox 264 2230 320 2291; x_wconf 92' lang='lat' dir='ltr'><strong>TI.</strong></span> <span class='ocrx_word' id='word_1_109' title='bbox 345 2227 570 2291; x_wconf 75' lang='lat' dir='ltr'>CAESARIS.</span> <span class='ocrx_word' id='word_1_110' title='bbox 593 2225 796 2293; x_wconf 79' lang='lat' dir='ltr'><strong>AVGVS&#39;I&#39;I.</strong></span> <span class='ocrx_word' id='word_1_111' title='bbox 819 2240 882 2291; x_wconf 90' lang='lat' dir='ltr'><strong>etc.</strong></span> 
     </span>
    </p>
   </div>
   <div class='ocr_carea' id='block_1_11' title="bbox 195 2356 950 3170">
    <p class='ocr_par' dir='ltr' id='par_1_11' title="bbox 195 2356 950 3170">
     <span class='ocr_line' id='line_1_24' title="bbox 198 2356 950 2459; baseline -0.003 -20"><span class='ocrx_word' id='word_1_112' title='bbox 198 2376 307 2439; x_wconf 86' lang='lat' dir='ltr'><strong>Etiam</strong></span> <span class='ocrx_word' id='word_1_113' title='bbox 331 2376 367 2437; x_wconf 88' lang='lat' dir='ltr'><strong>in</strong></span> <span class='ocrx_word' id='word_1_114' title='bbox 391 2370 498 2439; x_wconf 88' lang='lat' dir='ltr'><strong>uumis</strong></span> <span class='ocrx_word' id='word_1_115' title='bbox 519 2356 681 2459; x_wconf 75' lang='lat' dir='ltr'><strong>Iiippouis</strong></span> <span class='ocrx_word' id='word_1_116' title='bbox 703 2374 834 2438; x_wconf 82' lang='lat' dir='ltr'><strong>Africae</strong></span> <span class='ocrx_word' id='word_1_117' title='bbox 856 2374 950 2439; x_wconf 88' lang='lat' dir='ltr'><strong>sedet</strong></span> 
     </span>
     <span class='ocr_line' id='line_1_25' title="bbox 197 2477 948 2562; baseline -0.005 -19"><span class='ocrx_word' id='word_1_118' title='bbox 197 2482 302 2543; x_wconf 85' lang='lat' dir='ltr'><strong>instar</strong></span> <span class='ocrx_word' id='word_1_119' title='bbox 329 2478 480 2555; x_wconf 80' lang='lat' dir='ltr'><strong>CererIs,</strong></span> <span class='ocrx_word' id='word_1_120' title='bbox 511 2477 589 2562; x_wconf 89' lang='lat' dir='ltr'><strong>quin</strong></span> <span class='ocrx_word' id='word_1_121' title='bbox 613 2490 646 2539; x_wconf 88' lang='lat' dir='ltr'><strong>et</strong></span> <span class='ocrx_word' id='word_1_122' title='bbox 670 2478 812 2540; x_wconf 89' lang='lat' dir='ltr'><strong>eundem</strong></span> <span class='ocrx_word' id='word_1_123' title='bbox 838 2490 948 2560; x_wconf 88' lang='lat' dir='ltr'><strong>typum</strong></span> 
     </span>
     <span class='ocr_line' id='line_1_26' title="bbox 198 2580 948 2662; baseline -0.003 -17"><span class='ocrx_word' id='word_1_124' title='bbox 198 2604 276 2645; x_wconf 84' lang='lat' dir='ltr'><strong>mox</strong></span> <span class='ocrx_word' id='word_1_125' title='bbox 301 2580 448 2645; x_wconf 76' lang='lat' dir='ltr'><strong>dabimus</strong></span> <span class='ocrx_word' id='word_1_126' title='bbox 470 2580 504 2641; x_wconf 91' lang='lat' dir='ltr'><strong>in</strong></span> <span class='ocrx_word' id='word_1_127' title='bbox 526 2580 596 2662; x_wconf 86' lang='lat' dir='ltr'><strong>ejus</strong></span> <span class='ocrx_word' id='word_1_128' title='bbox 616 2594 824 2649; x_wconf 84' lang='lat' dir='ltr'><strong>consecratae</strong></span> <span class='ocrx_word' id='word_1_129' title='bbox 848 2599 948 2643; x_wconf 85' lang='lat' dir='ltr'><strong>numo</strong></span> 
     </span>
     <span class='ocr_line' id='line_1_27' title="bbox 197 2674 948 2766; baseline -0.011 -20"><span class='ocrx_word' id='word_1_130' title='bbox 197 2687 359 2748; x_wconf 82' lang='lat' dir='ltr'><strong>Romano.</strong></span> <span class='ocrx_word' id='word_1_131' title='bbox 375 2685 501 2752; x_wconf 86' lang='lat' dir='ltr'><strong>Nomen</strong></span> <span class='ocrx_word' id='word_1_132' title='bbox 511 2674 848 2760; x_wconf 75' lang='grc' dir='ltr'>ΚΑΡΠΟΦΟΡΟΤ,</span> <span class='ocrx_word' id='word_1_133' title='bbox 861 2684 948 2766; x_wconf 81' lang='lat' dir='ltr'><strong>quod</strong></span> 
     </span>
     <span class='ocr_line' id='line_1_28' title="bbox 198 2783 946 2868; baseline -0.004 -17"><span class='ocrx_word' id='word_1_134' title='bbox 198 2789 230 2852; x_wconf 88' lang='lat' dir='ltr'><strong>ei</strong></span> <span class='ocrx_word' id='word_1_135' title='bbox 247 2787 404 2850; x_wconf 80' lang='lat' dir='ltr'><strong>tribuitur</strong></span> <span class='ocrx_word' id='word_1_136' title='bbox 418 2788 451 2849; x_wconf 90' lang='lat' dir='ltr'><strong>in</strong></span> <span class='ocrx_word' id='word_1_137' title='bbox 469 2805 580 2862; x_wconf 87' lang='lat' dir='ltr'><strong>numo,</strong></span> <span class='ocrx_word' id='word_1_138' title='bbox 596 2785 650 2868; x_wconf 92' lang='lat' dir='ltr'><strong>qui</strong></span> <span class='ocrx_word' id='word_1_139' title='bbox 667 2783 750 2845; x_wconf 81' lang='lat' dir='ltr'><strong>inira</strong></span> <span class='ocrx_word' id='word_1_140' title='bbox 767 2783 800 2844; x_wconf 89' lang='lat' dir='ltr'><strong>in</strong></span> <span class='ocrx_word' id='word_1_141' title='bbox 812 2787 946 2848; x_wconf 86' lang='lat' dir='ltr'><strong>&#39;moneta</strong></span> 
     </span>
     <span class='ocr_line' id='line_1_29' title="bbox 197 2886 947 2976; baseline -0.004 -21"><span class='ocrx_word' id='word_1_142' title='bbox 197 2891 299 2955; x_wconf 90' lang='lat' dir='ltr'><strong>Iuliae</strong></span> <span class='ocrx_word' id='word_1_143' title='bbox 316 2890 457 2976; x_wconf 77' lang='lat' dir='ltr'><strong>Augusti</strong></span> <span class='ocrx_word' id='word_1_144' title='bbox 476 2890 563 2952; x_wconf 83' lang='lat' dir='ltr'><strong>filiae</strong></span> <span class='ocrx_word' id='word_1_145' title='bbox 583 2886 807 2965; x_wconf 88' lang='lat' dir='ltr'><strong>describetur,</strong></span> <span class='ocrx_word' id='word_1_146' title='bbox 830 2909 871 2951; x_wconf 84' lang='lat' dir='ltr'><strong>ex</strong></span> <span class='ocrx_word' id='word_1_147' title='bbox 886 2891 947 2952; x_wconf 86' lang='lat' dir='ltr'><strong>Ce-</strong></span> 
     </span>
     <span class='ocr_line' id='line_1_30' title="bbox 196 2986 946 3078; baseline -0.008 -21"><span class='ocrx_word' id='word_1_148' title='bbox 196 2995 283 3058; x_wconf 88' lang='lat' dir='ltr'><strong>reris</strong></span> <span class='ocrx_word' id='word_1_149' title='bbox 310 3013 443 3078; x_wconf 88' lang='lat' dir='ltr'><strong>quoque</strong></span> <span class='ocrx_word' id='word_1_150' title='bbox 467 3005 582 3054; x_wconf 86' lang='lat' dir='ltr'><strong>natura</strong></span> <span class='ocrx_word' id='word_1_151' title='bbox 610 3003 669 3054; x_wconf 89' lang='lat' dir='ltr'><strong>est.</strong></span> <span class='ocrx_word' id='word_1_152' title='bbox 715 2986 946 3069; x_wconf 83' lang='lat' dir='ltr'><strong>IIPONOIA,</strong></span> 
     </span>
     <span class='ocr_line' id='line_1_31' title="bbox 195 3092 945 3170; baseline -0.007 -10"><span class='ocrx_word' id='word_1_153' title='bbox 195 3099 431 3170; x_wconf 76' lang='lat' dir='ltr'><strong>Providentia,</strong></span> <span class='ocrx_word' id='word_1_154' title='bbox 451 3093 574 3156; x_wconf 88' lang='lat' dir='ltr'><strong>dicitur</strong></span> <span class='ocrx_word' id='word_1_155' title='bbox 597 3092 631 3154; x_wconf 92' lang='lat' dir='ltr'><strong>in</strong></span> <span class='ocrx_word' id='word_1_156' title='bbox 654 3092 728 3155; x_wconf 89' lang='lat' dir='ltr'><strong>basi</strong></span> <span class='ocrx_word' id='word_1_157' title='bbox 745 3105 945 3170; x_wconf 83' lang='lat' dir='ltr'><strong>marmorea,</strong></span> 
     </span>
    </p>
   </div>
   <div class='ocr_carea' id='block_1_12' title="bbox 193 3195 944 3384">
    <p class='ocr_par' dir='ltr' id='par_1_12' title="bbox 193 3195 944 3384">
     <span class='ocr_line' id='line_1_32' title="bbox 195 3195 944 3283; baseline -0.009 -20"><span class='ocrx_word' id='word_1_158' title='bbox 195 3219 280 3283; x_wconf 81' lang='lat' dir='ltr'><strong>quse</strong></span> <span class='ocrx_word' id='word_1_159' title='bbox 300 3209 406 3262; x_wconf 81' lang='lat' dir='ltr'><strong>exstat</strong></span> <span class='ocrx_word' id='word_1_160' title='bbox 421 3197 578 3272; x_wconf 76' lang='lat' dir='ltr'><strong>Athenis,</strong></span> <span class='ocrx_word' id='word_1_161' title='bbox 595 3195 686 3278; x_wconf 86' lang='lat' dir='ltr'><strong>cujus</strong></span> <span class='ocrx_word' id='word_1_162' title='bbox 703 3195 880 3280; x_wconf 81' lang='lat' dir='ltr'><strong>epigraphe</strong></span> <span class='ocrx_word' id='word_1_163' title='bbox 897 3196 944 3256; x_wconf 90' lang='lat' dir='ltr'><strong>in·</strong></span> 
     </span>
     <span class='ocr_line' id='line_1_33' title="bbox 193 3289 942 3384; baseline -0.009 -20"><span class='ocrx_word' id='word_1_164' title='bbox 193 3302 290 3384; x_wconf 67' lang='lat' dir='ltr'><strong>cipite</strong></span> <span class='ocrx_word' id='word_1_165' title='bbox 302 3293 514 3362; x_wconf 77' lang='grc' dir='ltr'><strong>ΙΟΤΛΙΑΝ.</strong></span> <span class='ocrx_word' id='word_1_166' title='bbox 524 3293 664 3361; x_wconf 79' lang='grc' dir='ltr'><strong>ΘΕΑΝ.</strong></span> <span class='ocrx_word' id='word_1_167' title='bbox 672 3289 942 3359; x_wconf 79' lang='grc' dir='ltr'><strong>ΣΕΒΑΣΤΗΝ.</strong></span> 
     </span>
    </p>
   </div>
   <div class='ocr_carea' id='block_1_13' title="bbox 194 3398 583 3521">
    <p class='ocr_par' dir='ltr' id='par_1_13' title="bbox 194 3398 583 3521">
     <span class='ocr_line' id='line_1_34' title="bbox 194 3398 583 3521; baseline 0 -57"><span class='ocrx_word' id='word_1_168' title='bbox 194 3398 450 3466; x_wconf 76' lang='grc' dir='ltr'><strong>ΠΡΟΝΟΙΑΝ</strong></span> <span class='ocrx_word' id='word_1_169' title='bbox 471 3398 525 3483; x_wconf 73' lang='grc'><strong>1));</strong></span> <span class='ocrx_word' id='word_1_170' title='bbox 562 3485 583 3521; x_wconf 35' lang='grc'>1</span> 
     </span>
    </p>
   </div>
   <div class='ocr_carea' id='block_1_14' title="bbox 191 3531 942 3994">
    <p class='ocr_par' dir='ltr' id='par_1_14' title="bbox 317 3531 940 3674">
     <span class='ocr_line' id='line_1_35' title="bbox 460 3531 818 3573; baseline -0.036 0"><span class='ocrx_word' id='word_1_171' title='bbox 460 3535 479 3573; x_wconf 73' lang='lat' dir='ltr'><strong>a</strong></span> <span class='ocrx_word' id='word_1_172' title='bbox 665 3531 683 3566; x_wconf 74' lang='grc' dir='ltr'>ι</span> <span class='ocrx_word' id='word_1_173' title='bbox 817 3555 818 3560; x_wconf 73' lang='grc'>,</span> 
     </span>
     <span class='ocr_line' id='line_1_36' title="bbox 317 3602 940 3674; baseline -0.002 -6"><span class='ocrx_word' id='word_1_174' title='bbox 317 3606 534 3672; x_wconf 74' lang='lat' dir='ltr'><strong>PIETATIS.</strong></span> <span class='ocrx_word' id='word_1_175' title='bbox 545 3603 796 3674; x_wconf 82' lang='lat' dir='ltr'><strong>AVGVSTAE.</strong></span> <span class='ocrx_word' id='word_1_176' title='bbox 808 3603 843 3667; x_wconf 89' lang='lat' dir='ltr'><strong>C.</strong></span> <span class='ocrx_word' id='word_1_177' title='bbox 854 3602 890 3666; x_wconf 91' lang='lat' dir='ltr'><strong>C.</strong></span> <span class='ocrx_word' id='word_1_178' title='bbox 901 3604 940 3667; x_wconf 77' lang='lat' dir='ltr'><strong>A.</strong></span> 
     </span>
    </p>

    <p class='ocr_par' dir='ltr' id='par_1_15' title="bbox 191 3707 942 3994">
     <span class='ocr_line' id='line_1_37' title="bbox 320 3707 775 3794; baseline -0.018 -20"><span class='ocrx_word' id='word_1_179' title='bbox 320 3716 431 3794; x_wconf 79' lang='lat' dir='ltr'><strong>Caput</strong></span> <span class='ocrx_word' id='word_1_180' title='bbox 447 3709 605 3771; x_wconf 81' lang='lat' dir='ltr'><strong>muliebre</strong></span> <span class='ocrx_word' id='word_1_181' title='bbox 621 3707 775 3769; x_wconf 79' lang='lat' dir='ltr'><strong>volutum.</strong></span> 
     </span>
     <span class='ocr_line' id='line_1_38' title="bbox 191 3809 941 3891; baseline -0.019 -4"><span class='ocrx_word' id='word_1_182' title='bbox 191 3813 393 3886; x_wconf 70' lang='lat' dir='ltr'><strong>IVNtANO.</strong></span> <span class='ocrx_word' id='word_1_183' title='bbox 408 3809 543 3878; x_wconf 71' lang='lat' dir='ltr'><strong>LVPO·</strong></span> <span class='ocrx_word' id='word_1_184' title='bbox 564 3811 632 3872; x_wconf 85' lang='lat' dir='ltr'><strong>PR.</strong></span> <span class='ocrx_word' id='word_1_185' title='bbox 652 3809 690 3891; x_wconf 86' lang='lat' dir='ltr'><strong>C.</strong></span> <span class='ocrx_word' id='word_1_186' title='bbox 705 3809 889 3872; x_wconf 81' lang='lat' dir='ltr'>CAESAR.</span> <span class='ocrx_word' id='word_1_187' title='bbox 904 3809 941 3873; x_wconf 78' lang='lat' dir='ltr'><strong>C.</strong></span> 
     </span>
     <span class='ocr_line' id='line_1_39' title="bbox 192 3910 942 3994; baseline -0.016 -9"><span class='ocrx_word' id='word_1_188' title='bbox 192 3917 397 3984; x_wconf 72' lang='lat' dir='ltr'><strong>POMPON&#39;.</strong></span> <span class='ocrx_word' id='word_1_189' title='bbox 415 3910 574 3977; x_wconf 74' lang='lat' dir='ltr'><strong>PIRRA.</strong></span> <span class='ocrx_word' id='word_1_190' title='bbox 593 3913 710 3981; x_wconf 81' lang='lat' dir='ltr'><strong>IIVIR.</strong></span> <span class='ocrx_word' id='word_1_191' title='bbox 740 3913 904 3994; x_wconf 83' lang='lat' dir='ltr'><strong>Templum</strong></span> <span class='ocrx_word' id='word_1_192' title='bbox 923 3924 942 3988; x_wconf 72' lang='lat' dir='ltr'><strong>l,</strong></span> 
     </span>
    </p>
   </div>
   <div class='ocr_carea' id='block_1_15' title="bbox 191 4025 437 4087">
    <p class='ocr_par' dir='ltr' id='par_1_16' title="bbox 191 4025 437 4087">
     <span class='ocr_line' id='line_1_40' title="bbox 191 4025 437 4087; baseline -0.016 -1"><span class='ocrx_word' id='word_1_193' title='bbox 191 4025 437 4087; x_wconf 81' lang='lat' dir='ltr'><strong>columnarum.</strong></span> 
     </span>
    </p>
   </div>
   <div class='ocr_carea' id='block_1_16' title="bbox 191 4113 940 4514">
    <p class='ocr_par' dir='ltr' id='par_1_17' title="bbox 191 4113 940 4514">
     <span class='ocr_line' id='line_1_41' title="bbox 316 4113 937 4202; baseline -0.008 -18"><span class='ocrx_word' id='word_1_194' title='bbox 316 4113 534 4184; x_wconf 78' lang='lat' dir='ltr'><strong>PIETATIS.</strong></span> <span class='ocrx_word' id='word_1_195' title='bbox 545 4115 795 4186; x_wconf 76' lang='lat' dir='ltr'><strong>AVGVSTAE.</strong></span> <span class='ocrx_word' id='word_1_196' title='bbox 805 4117 842 4202; x_wconf 84' lang='lat' dir='ltr'><strong>C.</strong></span> <span class='ocrx_word' id='word_1_197' title='bbox 853 4117 887 4179; x_wconf 88' lang='lat' dir='ltr'><strong>C.</strong></span> <span class='ocrx_word' id='word_1_198' title='bbox 899 4121 937 4180; x_wconf 82' lang='lat' dir='ltr'><strong>A.</strong></span> 
     </span>
     <span class='ocr_line' id='line_1_42' title="bbox 322 4223 784 4306; baseline -0.017 -18"><span class='ocrx_word' id='word_1_199' title='bbox 322 4227 490 4306; x_wconf 83' lang='lat' dir='ltr'><strong>Templum</strong></span> <span class='ocrx_word' id='word_1_200' title='bbox 506 4225 525 4287; x_wconf 80' lang='lat' dir='ltr'><strong>i)</strong></span> <span class='ocrx_word' id='word_1_201' title='bbox 548 4223 784 4286; x_wconf 73' lang='lat' dir='ltr'><strong>columnarum.</strong></span> 
     </span>
     <span class='ocr_line' id='line_1_43' title="bbox 191 4322 940 4396; baseline -0.013 1"><span class='ocrx_word' id='word_1_202' title='bbox 191 4337 249 4396; x_wconf 96' lang='lat' dir='ltr'><strong>TI.</strong></span> <span class='ocrx_word' id='word_1_203' title='bbox 277 4327 467 4394; x_wconf 71' lang='lat' dir='ltr'><strong>CAESAR.</strong></span> <span class='ocrx_word' id='word_1_204' title='bbox 499 4339 562 4388; x_wconf 82' lang='lat' dir='ltr'><strong>sto.</strong></span> <span class='ocrx_word' id='word_1_205' title='bbox 599 4325 670 4388; x_wconf 76' lang='grc' dir='ltr'><strong>ΤΗ.</strong></span> <span class='ocrx_word' id='word_1_206' title='bbox 704 4322 804 4387; x_wconf 91' lang='grc' dir='ltr'><strong>ΡΟΤ.</strong></span> <span class='ocrx_word' id='word_1_207' title='bbox 837 4322 940 4388; x_wconf 78' lang='lat' dir='ltr'><strong>xxx,</strong></span> 
     </span>
     <span class='ocr_line' id='line_1_44' title="bbox 193 4429 938 4514; baseline -0.013 -12"><span class='ocrx_word' id='word_1_208' title='bbox 193 4437 350 4502; x_wconf 81' lang='lat' dir='ltr'><strong>Tiberius</strong></span> <span class='ocrx_word' id='word_1_209' title='bbox 370 4443 508 4514; x_wconf 82' lang='lat' dir='ltr'><strong>togatus</strong></span> <span class='ocrx_word' id='word_1_210' title='bbox 527 4431 643 4492; x_wconf 81' lang='lat' dir='ltr'><strong>redens</strong></span> <span class='ocrx_word' id='word_1_211' title='bbox 664 4429 696 4490; x_wconf 84' lang='lat' dir='ltr'><strong>d.</strong></span> <span class='ocrx_word' id='word_1_212' title='bbox 714 4441 886 4512; x_wconf 79' lang='lat' dir='ltr'><strong>pateram,</strong></span> <span class='ocrx_word' id='word_1_213' title='bbox 910 4450 938 4492; x_wconf 83' lang='lat' dir='ltr'><strong>s.</strong></span> 
     </span>
    </p>
   </div>
   <div class='ocr_carea' id='block_1_17' title="bbox 189 4540 337 4603">
    <p class='ocr_par' dir='ltr' id='par_1_18' title="bbox 189 4540 337 4603">
     <span class='ocr_line' id='line_1_45' title="bbox 189 4540 337 4603; baseline -0.027 -3"><span class='ocrx_word' id='word_1_214' title='bbox 189 4540 337 4603; x_wconf 71' lang='lat' dir='ltr'><strong>bustam.</strong></span> 
     </span>
    </p>
   </div>
   <div class='ocr_carea' id='block_1_18' title="bbox 1008 1473 1753 1557">
    <p class='ocr_par' dir='ltr' id='par_1_19' title="bbox 1008 1473 1753 1557">
     <span class='ocr_line' id='line_1_46' title="bbox 1008 1473 1753 1557; baseline 0.007 -22"><span class='ocrx_word' id='word_1_215' title='bbox 1008 1474 1050 1537; x_wconf 89' lang='lat' dir='ltr'><strong>rii</strong></span> <span class='ocrx_word' id='word_1_216' title='bbox 1072 1477 1112 1557; x_wconf 70' lang='grc' dir='ltr'><strong>ο).</strong></span> <span class='ocrx_word' id='word_1_217' title='bbox 1149 1475 1279 1536; x_wconf 86' lang='lat' dir='ltr'><strong>Numus</strong></span> <span class='ocrx_word' id='word_1_218' title='bbox 1310 1473 1393 1537; x_wconf 88' lang='lat' dir='ltr'><strong>alter</strong></span> <span class='ocrx_word' id='word_1_219' title='bbox 1421 1473 1544 1537; x_wconf 91' lang='lat' dir='ltr'><strong>indicio</strong></span> <span class='ocrx_word' id='word_1_220' title='bbox 1572 1476 1753 1540; x_wconf 80' lang='lat' dir='ltr'><strong>tribunatus</strong></span> 
     </span>
    </p>
   </div>
   <div class='ocr_carea' id='block_1_19' title="bbox 988 1575 1751 1660">
    <p class='ocr_par' dir='ltr' id='par_1_20' title="bbox 988 1575 1751 1660">
     <span class='ocr_line' id='line_1_47' title="bbox 988 1575 1751 1660; baseline 0.005 -25"><span class='ocrx_word' id='word_1_221' title='bbox 988 1576 1112 1641; x_wconf 50' lang='lat' dir='ltr'><strong>‘xxx</strong></span> <span class='ocrx_word' id='word_1_222' title='bbox 1139 1597 1235 1639; x_wconf 89' lang='lat' dir='ltr'><strong>cusus</strong></span> <span class='ocrx_word' id='word_1_223' title='bbox 1263 1588 1314 1637; x_wconf 88' lang='lat' dir='ltr'><strong>est</strong></span> <span class='ocrx_word' id='word_1_224' title='bbox 1337 1575 1422 1639; x_wconf 80' lang='lat' dir='ltr'><strong>intra</strong></span> <span class='ocrx_word' id='word_1_225' title='bbox 1449 1597 1551 1640; x_wconf 88' lang='lat' dir='ltr'><strong>annos</strong></span> <span class='ocrx_word' id='word_1_226' title='bbox 1573 1578 1615 1645; x_wconf 81' lang='lat' dir='ltr'><strong>V.</strong></span> <span class='ocrx_word' id='word_1_227' title='bbox 1632 1578 1668 1642; x_wconf 88' lang='lat' dir='ltr'><strong>C.</strong></span> <span class='ocrx_word' id='word_1_228' title='bbox 1691 1579 1751 1660; x_wconf 79' lang='lat'><strong>781</strong></span> 
     </span>
    </p>
   </div>
   <div class='ocr_carea' id='block_1_20' title="bbox 1000 1677 1843 3698">
    <p class='ocr_par' dir='ltr' id='par_1_21' title="bbox 1000 1677 1843 3698">
     <span class='ocr_line' id='line_1_48' title="bbox 1009 1677 1756 1763; baseline 0.005 -24"><span class='ocrx_word' id='word_1_229' title='bbox 1009 1691 1042 1739; x_wconf 89' lang='lat' dir='ltr'><strong>ct</strong></span> <span class='ocrx_word' id='word_1_230' title='bbox 1061 1679 1143 1759; x_wconf 77' lang='lat'><strong>782,</strong></span> <span class='ocrx_word' id='word_1_231' title='bbox 1174 1698 1313 1761; x_wconf 88' lang='lat' dir='ltr'><strong>quorum</strong></span> <span class='ocrx_word' id='word_1_232' title='bbox 1335 1677 1388 1739; x_wconf 92' lang='lat' dir='ltr'><strong>hic</strong></span> <span class='ocrx_word' id='word_1_233' title='bbox 1410 1677 1472 1740; x_wconf 90' lang='lat' dir='ltr'><strong>Iuit</strong></span> <span class='ocrx_word' id='word_1_234' title='bbox 1491 1678 1605 1744; x_wconf 84' lang='lat' dir='ltr'><strong>Liviae</strong></span> <span class='ocrx_word' id='word_1_235' title='bbox 1627 1694 1756 1763; x_wconf 90' lang='lat' dir='ltr'><strong>postre-</strong></span> 
     </span>
     <span class='ocr_line' id='line_1_49' title="bbox 1008 1779 1754 1857; baseline 0.003 -16"><span class='ocrx_word' id='word_1_236' title='bbox 1008 1801 1091 1844; x_wconf 87' lang='lat' dir='ltr'><strong>mus.</strong></span> <span class='ocrx_word' id='word_1_237' title='bbox 1122 1779 1295 1841; x_wconf 77' lang='lat' dir='ltr'><strong>Existimat</strong></span> <span class='ocrx_word' id='word_1_238' title='bbox 1328 1780 1519 1857; x_wconf 86' lang='lat' dir='ltr'><strong>Florezius,</strong></span> <span class='ocrx_word' id='word_1_239' title='bbox 1550 1780 1585 1841; x_wconf 90' lang='lat' dir='ltr'><strong>in</strong></span> <span class='ocrx_word' id='word_1_240' title='bbox 1614 1782 1665 1843; x_wconf 92' lang='lat' dir='ltr'><strong>his</strong></span> <span class='ocrx_word' id='word_1_241' title='bbox 1693 1802 1754 1844; x_wconf 88' lang='lat' dir='ltr'><strong>nu·</strong></span> 
     </span>
     <span class='ocr_line' id='line_1_50' title="bbox 1008 1874 1754 1965; baseline 0 -20"><span class='ocrx_word' id='word_1_242' title='bbox 1008 1886 1070 1946; x_wconf 89' lang='lat' dir='ltr'><strong>mis</strong></span> <span class='ocrx_word' id='word_1_243' title='bbox 1093 1881 1245 1947; x_wconf 85' lang='lat' dir='ltr'><strong>exhiheri</strong></span> <span class='ocrx_word' id='word_1_244' title='bbox 1265 1874 1441 1964; x_wconf 80' lang='lat' dir='ltr'><strong>templum,</strong></span> <span class='ocrx_word' id='word_1_245' title='bbox 1469 1879 1557 1965; x_wconf 89' lang='lat' dir='ltr'><strong>quod</strong></span> <span class='ocrx_word' id='word_1_246' title='bbox 1581 1882 1754 1946; x_wconf 85' lang='lat' dir='ltr'><strong>Caesarau-</strong></span> 
     </span>
     <span class='ocr_line' id='line_1_51' title="bbox 1006 1983 1752 2067; baseline -0.001 -20"><span class='ocrx_word' id='word_1_247' title='bbox 1006 1983 1135 2067; x_wconf 83' lang='lat' dir='ltr'><strong>gustani</strong></span> <span class='ocrx_word' id='word_1_248' title='bbox 1155 1984 1274 2045; x_wconf 91' lang='lat' dir='ltr'><strong>honori</strong></span> <span class='ocrx_word' id='word_1_249' title='bbox 1295 1984 1438 2055; x_wconf 80' lang='lat' dir='ltr'><strong>Tiberii,</strong></span> <span class='ocrx_word' id='word_1_250' title='bbox 1461 1996 1495 2045; x_wconf 83' lang='lat' dir='ltr'><strong>e&#39;t</strong></span> <span class='ocrx_word' id='word_1_251' title='bbox 1515 1983 1627 2046; x_wconf 87' lang='lat' dir='ltr'><strong>matris</strong></span> <span class='ocrx_word' id='word_1_252' title='bbox 1650 1984 1752 2048; x_wconf 90' lang='lat' dir='ltr'><strong>Iuliae</strong></span> 
     </span>
     <span class='ocr_line' id='line_1_52' title="bbox 1007 2084 1753 2170; baseline -0.001 -21"><span class='ocrx_word' id='word_1_253' title='bbox 1007 2084 1188 2170; x_wconf 85' lang='lat' dir='ltr'><strong>posuerint.</strong></span> <span class='ocrx_word' id='word_1_254' title='bbox 1229 2087 1377 2159; x_wconf 78' lang='lat' dir='ltr'><strong>Revera,</strong></span> <span class='ocrx_word' id='word_1_255' title='bbox 1406 2085 1525 2169; x_wconf 90' lang='lat' dir='ltr'><strong>inquit,</strong></span> <span class='ocrx_word' id='word_1_256' title='bbox 1553 2090 1638 2150; x_wconf 84' lang='lat' dir='ltr'><strong>test&#39;e</strong></span> <span class='ocrx_word' id='word_1_257' title='bbox 1660 2089 1753 2150; x_wconf 87' lang='lat' dir='ltr'><strong>Taci-</strong></span> 
     </span>
     <span class='ocr_line' id='line_1_53' title="bbox 1006 2186 1753 2271; baseline 0.003 -23"><span class='ocrx_word' id='word_1_258' title='bbox 1006 2202 1041 2251; x_wconf 89' lang='lat' dir='ltr'><strong>to</strong></span> <span class='ocrx_word' id='word_1_259' title='bbox 1065 2186 1099 2271; x_wconf 75' lang='lat' dir='ltr'><strong>d)</strong></span> <span class='ocrx_word' id='word_1_260' title='bbox 1127 2187 1255 2252; x_wconf 86' lang='lat' dir='ltr'><strong>venisse</strong></span> <span class='ocrx_word' id='word_1_261' title='bbox 1283 2189 1410 2271; x_wconf 87' lang='lat' dir='ltr'><strong>legatos</strong></span> <span class='ocrx_word' id='word_1_262' title='bbox 1437 2187 1620 2270; x_wconf 88' lang='lat' dir='ltr'><strong>Hispanos,</strong></span> <span class='ocrx_word' id='word_1_263' title='bbox 1644 2206 1753 2251; x_wconf 78' lang='lat' dir='ltr'><strong>’oran-</strong></span> 
     </span>
     <span class='ocr_line' id='line_1_54' title="bbox 1007 2282 1752 2372; baseline 0 -19"><span class='ocrx_word' id='word_1_264' title='bbox 1007 2306 1074 2368; x_wconf 88' lang='lat' dir='ltr'><strong>tes,</strong></span> <span class='ocrx_word' id='word_1_265' title='bbox 1104 2303 1140 2351; x_wconf 92' lang='lat' dir='ltr'><strong>ut</strong></span> <span class='ocrx_word' id='word_1_266' title='bbox 1164 2288 1317 2372; x_wconf 83' lang='lat' dir='ltr'><strong>exemplo</strong></span> <span class='ocrx_word' id='word_1_267' title='bbox 1338 2290 1435 2351; x_wconf 84' lang='lat' dir='ltr'><strong>Asine</strong></span> <span class='ocrx_word' id='word_1_268' title='bbox 1460 2288 1632 2351; x_wconf 81' lang='lat' dir='ltr'><strong>delubrum</strong></span> <span class='ocrx_word' id='word_1_269' title='bbox 1655 2282 1752 2353; x_wconf 84' lang='lat' dir='ltr'><strong>Tibe·</strong></span> 
     </span>
     <span class='ocr_line' id='line_1_55' title="bbox 1006 2391 1774 2490; baseline 0 -37"><span class='ocrx_word' id='word_1_270' title='bbox 1006 2394 1073 2466; x_wconf 86' lang='lat' dir='ltr'><strong>rio,</strong></span> <span class='ocrx_word' id='word_1_271' title='bbox 1098 2391 1256 2483; x_wconf 62' lang='lat' dir='ltr'><strong>mutritpre</strong></span> <span class='ocrx_word' id='word_1_272' title='bbox 1274 2392 1344 2474; x_wconf 86' lang='lat' dir='ltr'><strong>ejus</strong></span> <span class='ocrx_word' id='word_1_273' title='bbox 1361 2402 1595 2455; x_wconf 81' lang='lat' dir='ltr'><strong>exstrueretur.</strong></span> <span class='ocrx_word' id='word_1_274' title='bbox 1625 2391 1774 2490; x_wconf 43' lang='lat' dir='ltr'><strong>Verum·</strong></span> 
     </span>
     <span class='ocr_line' id='line_1_56' title="bbox 1006 2493 1751 2576; baseline 0.001 -21"><span class='ocrx_word' id='word_1_275' title='bbox 1006 2496 1033 2556; x_wconf 91' lang='lat' dir='ltr'><strong>is</strong></span> <span class='ocrx_word' id='word_1_276' title='bbox 1059 2494 1187 2558; x_wconf 85' lang='lat' dir='ltr'><strong>venisse</strong></span> <span class='ocrx_word' id='word_1_277' title='bbox 1212 2494 1337 2576; x_wconf 85' lang='lat' dir='ltr'><strong>legatos</strong></span> <span class='ocrx_word' id='word_1_278' title='bbox 1360 2513 1425 2554; x_wconf 89' lang='lat' dir='ltr'><strong>non</strong></span> <span class='ocrx_word' id='word_1_279' title='bbox 1443 2514 1483 2556; x_wconf 86' lang='lat' dir='ltr'><strong>ex</strong></span> <span class='ocrx_word' id='word_1_280' title='bbox 1499 2493 1654 2575; x_wconf 84' lang='lat' dir='ltr'><strong>Hispania</strong></span> <span class='ocrx_word' id='word_1_281' title='bbox 1673 2496 1751 2557; x_wconf 90' lang='lat' dir='ltr'><strong>cite·</strong></span> 
     </span>
     <span class='ocr_line' id='line_1_57' title="bbox 1005 2594 1751 2679; baseline 0 -23"><span class='ocrx_word' id='word_1_282' title='bbox 1005 2600 1114 2674; x_wconf 86' lang='lat' dir='ltr'><strong>riore,</strong></span> <span class='ocrx_word' id='word_1_283' title='bbox 1144 2596 1177 2656; x_wconf 92' lang='lat' dir='ltr'><strong>iu</strong></span> <span class='ocrx_word' id='word_1_284' title='bbox 1208 2616 1270 2677; x_wconf 88' lang='lat' dir='ltr'><strong>qua</strong></span> <span class='ocrx_word' id='word_1_285' title='bbox 1301 2594 1360 2657; x_wconf 91' lang='lat' dir='ltr'><strong>sita</strong></span> <span class='ocrx_word' id='word_1_286' title='bbox 1391 2595 1660 2679; x_wconf 84' lang='lat' dir='ltr'><strong>Caesaraugusta,</strong></span> <span class='ocrx_word' id='word_1_287' title='bbox 1691 2598 1751 2657; x_wconf 90' lang='lat' dir='ltr'><strong>sed</strong></span> 
     </span>
     <span class='ocr_line' id='line_1_58' title="bbox 1006 2685 1751 2773; baseline 0 -13"><span class='ocrx_word' id='word_1_288' title='bbox 1006 2698 1166 2760; x_wconf 77' lang='lat' dir='ltr'><strong>ulteriore</strong></span> <span class='ocrx_word' id='word_1_289' title='bbox 1196 2710 1321 2773; x_wconf 83' lang='lat' dir='ltr'><strong>narrat,</strong></span> <span class='ocrx_word' id='word_1_290' title='bbox 1353 2709 1388 2758; x_wconf 87' lang='lat' dir='ltr'><strong>ct</strong></span> <span class='ocrx_word' id='word_1_291' title='bbox 1410 2695 1563 2760; x_wconf 85' lang='lat' dir='ltr'><strong>Tiberius</strong></span> <span class='ocrx_word' id='word_1_292' title='bbox 1591 2698 1667 2760; x_wconf 91' lang='lat' dir='ltr'><strong>huic</strong></span> <span class='ocrx_word' id='word_1_293' title='bbox 1692 2685 1751 2760; x_wconf 52' lang='lat' dir='ltr'><strong>‘eo-</strong></span> 
     </span>
     <span class='ocr_line' id='line_1_59' title="bbox 1005 2799 1749 2886; baseline 0 -24"><span class='ocrx_word' id='word_1_294' title='bbox 1005 2821 1076 2862; x_wconf 86' lang='lat' dir='ltr'><strong>rum</strong></span> <span class='ocrx_word' id='word_1_295' title='bbox 1106 2799 1273 2886; x_wconf 42' lang='lat' dir='ltr'><strong>voluntati!</strong></span> <span class='ocrx_word' id='word_1_296' title='bbox 1291 2799 1399 2882; x_wconf 84' lang='lat' dir='ltr'><strong>potius</strong></span> <span class='ocrx_word' id='word_1_297' title='bbox 1429 2800 1559 2864; x_wconf 80' lang='lat' dir='ltr'><strong>restitit.</strong></span> <span class='ocrx_word' id='word_1_298' title='bbox 1593 2799 1749 2876; x_wconf 80' lang='lat' dir='ltr'><strong>Accedit,</strong></span> 
     </span>
     <span class='ocr_line' id='line_1_60' title="bbox 1004 2901 1751 2984; baseline 0.005 -22"><span class='ocrx_word' id='word_1_299' title='bbox 1004 2903 1126 2984; x_wconf 88' lang='lat' dir='ltr'><strong>templa</strong></span> <span class='ocrx_word' id='word_1_300' title='bbox 1154 2902 1187 2961; x_wconf 93' lang='lat' dir='ltr'><strong>iu</strong></span> <span class='ocrx_word' id='word_1_301' title='bbox 1210 2901 1262 2962; x_wconf 88' lang='lat' dir='ltr'><strong>his</strong></span> <span class='ocrx_word' id='word_1_302' title='bbox 1283 2901 1389 2963; x_wconf 90' lang='lat' dir='ltr'><strong>numis</strong></span> <span class='ocrx_word' id='word_1_303' title='bbox 1412 2901 1579 2984; x_wconf 88' lang='lat' dir='ltr'><strong>proposita</strong></span> <span class='ocrx_word' id='word_1_304' title='bbox 1600 2901 1751 2966; x_wconf 81' lang='lat' dir='ltr'><strong>diversae</strong></span> 
     </span>
     <span class='ocr_line' id='line_1_61' title="bbox 1005 3003 1750 3088; baseline 0.005 -24"><span class='ocrx_word' id='word_1_305' title='bbox 1005 3023 1078 3065; x_wconf 83' lang='lat' dir='ltr'><strong>esse</strong></span> <span class='ocrx_word' id='word_1_306' title='bbox 1114 3016 1313 3080; x_wconf 85' lang='lat' dir='ltr'><strong>structurae,</strong></span> <span class='ocrx_word' id='word_1_307' title='bbox 1356 3021 1424 3063; x_wconf 85' lang='lat' dir='ltr'><strong>non</strong></span> <span class='ocrx_word' id='word_1_308' title='bbox 1459 3024 1559 3064; x_wconf 89' lang='lat' dir='ltr'><strong>unum</strong></span> <span class='ocrx_word' id='word_1_309' title='bbox 1596 3003 1750 3088; x_wconf 82' lang='lat' dir='ltr'><strong>idemque</strong></span> 
     </span>
     <span class='ocr_line' id='line_1_62' title="bbox 1004 3088 1751 3188; baseline -0.001 -20"><span class='ocrx_word' id='word_1_310' title='bbox 1004 3105 1172 3188; x_wconf 87' lang='lat' dir='ltr'><strong>utriusque</strong></span> <span class='ocrx_word' id='word_1_311' title='bbox 1192 3104 1310 3166; x_wconf 89' lang='lat' dir='ltr'><strong>honori</strong></span> <span class='ocrx_word' id='word_1_312' title='bbox 1329 3102 1478 3167; x_wconf 87' lang='lat' dir='ltr'><strong>dicatum.</strong></span> <span class='ocrx_word' id='word_1_313' title='bbox 1504 3103 1627 3170; x_wconf 80' lang='lat' dir='ltr'><strong>Verior</strong></span> <span class='ocrx_word' id='word_1_314' title='bbox 1649 3088 1751 3188; x_wconf 81' lang='lat' dir='ltr'><strong>igitur</strong></span> 
     </span>
     <span class='ocr_line' id='line_1_63' title="bbox 1002 3205 1749 3288; baseline 0.001 -19"><span class='ocrx_word' id='word_1_315' title='bbox 1002 3207 1133 3274; x_wconf 78' lang='lat' dir='ltr'><strong>ridetur</strong></span> <span class='ocrx_word' id='word_1_316' title='bbox 1155 3205 1332 3282; x_wconf 82' lang='lat' dir='ltr'><strong>sententia,</strong></span> <span class='ocrx_word' id='word_1_317' title='bbox 1355 3206 1672 3288; x_wconf 75' lang='lat' dir='ltr'><strong>&#39;caesaraugustanos</strong></span> <span class='ocrx_word' id='word_1_318' title='bbox 1695 3227 1749 3270; x_wconf 93' lang='lat' dir='ltr'><strong>co·</strong></span> 
     </span>
     <span class='ocr_line' id='line_1_64' title="bbox 1003 3298 1843 3392; baseline 0.002 -21"><span class='ocrx_word' id='word_1_319' title='bbox 1003 3306 1749 3392; x_wconf 53' lang='lat' dir='ltr'><strong>fflwmffimmmmmm</strong></span> <span class='ocrx_word' id='word_1_320' title='bbox 1840 3298 1843 3306; x_wconf 85' lang='lat'>&#39;</span> 
     </span>
     <span class='ocr_line' id='line_1_65' title="bbox 1002 3407 1748 3492; baseline 0 -20"><span class='ocrx_word' id='word_1_321' title='bbox 1002 3415 1057 3477; x_wconf 88' lang='lat' dir='ltr'><strong>TI.</strong></span> <span class='ocrx_word' id='word_1_322' title='bbox 1079 3410 1318 3479; x_wconf 80' lang='lat' dir='ltr'><strong>AVGVSTAE</strong></span> <span class='ocrx_word' id='word_1_323' title='bbox 1336 3410 1371 3471; x_wconf 89' lang='lat' dir='ltr'><strong>in</strong></span> <span class='ocrx_word' id='word_1_324' title='bbox 1389 3407 1519 3492; x_wconf 89' lang='lat' dir='ltr'><strong>templis</strong></span> <span class='ocrx_word' id='word_1_325' title='bbox 1541 3409 1607 3472; x_wconf 87' lang='lat' dir='ltr'><strong>suia</strong></span> <span class='ocrx_word' id='word_1_326' title='bbox 1627 3411 1748 3474; x_wconf 76' lang='lat' dir='ltr'><strong>sacriti-</strong></span> 
     </span>
     <span class='ocr_line' id='line_1_66' title="bbox 1000 3511 1748 3596; baseline -0.004 -19"><span class='ocrx_word' id='word_1_327' title='bbox 1000 3535 1091 3578; x_wconf 85' lang='lat' dir='ltr'><strong>casse</strong></span> <span class='ocrx_word' id='word_1_328' title='bbox 1116 3511 1295 3576; x_wconf 88' lang='lat' dir='ltr'><strong>secuudum</strong></span> <span class='ocrx_word' id='word_1_329' title='bbox 1317 3516 1374 3587; x_wconf 81' lang='lat' dir='ltr'><strong>ea,</strong></span> <span class='ocrx_word' id='word_1_330' title='bbox 1389 3532 1486 3596; x_wconf 14' lang='lat' dir='ltr'><strong>Aquae</strong></span> <span class='ocrx_word' id='word_1_331' title='bbox 1508 3531 1605 3594; x_wconf 85' lang='lat' dir='ltr'><strong>supra</strong></span> <span class='ocrx_word' id='word_1_332' title='bbox 1626 3513 1667 3576; x_wconf 87' lang='lat' dir='ltr'><strong>ad</strong></span> <span class='ocrx_word' id='word_1_333' title='bbox 1691 3535 1748 3574; x_wconf 91' lang='lat' dir='ltr'><strong>nu-</strong></span> 
     </span>
     <span class='ocr_line' id='line_1_67' title="bbox 1002 3612 1817 3698; baseline -0.007 -18"><span class='ocrx_word' id='word_1_334' title='bbox 1002 3639 1089 3680; x_wconf 87' lang='lat' dir='ltr'><strong>mum</strong></span> <span class='ocrx_word' id='word_1_335' title='bbox 1106 3615 1297 3698; x_wconf 86' lang='lat' dir='ltr'><strong>inscript-um</strong></span> <span class='ocrx_word' id='word_1_336' title='bbox 1315 3613 1472 3675; x_wconf 83' lang='lat' dir='ltr'><strong>PIETAS</strong></span> <span class='ocrx_word' id='word_1_337' title='bbox 1491 3612 1686 3678; x_wconf 67' lang='lat' dir='ltr'><strong>observavi..</strong></span> <span class='ocrx_word' id='word_1_338' title='bbox 1809 3679 1817 3692; x_wconf 57' lang='grc'>,</span> 
     </span>
    </p>
   </div>
   <div class='ocr_carea' id='block_1_21' title="bbox 1150 3820 1720 3931">
    <p class='ocr_par' dir='ltr' id='par_1_22' title="bbox 1150 3820 1720 3931">
     <span class='ocr_line' id='line_1_68' title="bbox 1150 3820 1720 3931; baseline -0.002 -15"><span class='ocrx_word' id='word_1_339' title='bbox 1150 3820 1720 3931; x_wconf 54' lang='grc' dir='ltr'><strong>ΒΝΑΝΗΑ,.</strong></span> 
     </span>
    </p>
   </div>
   <div class='ocr_carea' id='block_1_22' title="bbox 996 4003 1745 4523">
    <p class='ocr_par' dir='ltr' id='par_1_23' title="bbox 996 4003 1745 4523">
     <span class='ocr_line' id='line_1_69' title="bbox 1061 4003 1745 4103; baseline -0.004 -20"><span class='ocrx_word' id='word_1_340' title='bbox 1061 4022 1141 4085; x_wconf 82' lang='lat' dir='ltr'><strong>Iulia</strong></span> <span class='ocrx_word' id='word_1_341' title='bbox 1175 4003 1241 4083; x_wconf 84' lang='lat' dir='ltr'><strong>non</strong></span> <span class='ocrx_word' id='word_1_342' title='bbox 1276 4021 1428 4084; x_wconf 89' lang='lat' dir='ltr'><strong>continuo</strong></span> <span class='ocrx_word' id='word_1_343' title='bbox 1464 4033 1538 4103; x_wconf 87' lang='lat' dir='ltr'><strong>post</strong></span> <span class='ocrx_word' id='word_1_344' title='bbox 1572 4040 1745 4083; x_wconf 87' lang='lat' dir='ltr'><strong>excessum</strong></span> 
     </span>
     <span class='ocr_line' id='line_1_70' title="bbox 1000 4121 1745 4210; baseline -0.004 -22"><span class='ocrx_word' id='word_1_345' title='bbox 1000 4125 1162 4188; x_wconf 77' lang='lat' dir='ltr'><strong>coelestes</strong></span> <span class='ocrx_word' id='word_1_346' title='bbox 1179 4121 1324 4186; x_wconf 86' lang='lat' dir='ltr'><strong>honores</strong></span> <span class='ocrx_word' id='word_1_347' title='bbox 1341 4138 1433 4210; x_wconf 70' lang='lat' dir='ltr'><strong>nacta</strong></span> <span class='ocrx_word' id='word_1_348' title='bbox 1450 4137 1510 4199; x_wconf 89' lang='lat' dir='ltr'><strong>est,</strong></span> <span class='ocrx_word' id='word_1_349' title='bbox 1528 4121 1674 4201; x_wconf 84' lang='lat' dir='ltr'><strong>Tiberio,</strong></span> <span class='ocrx_word' id='word_1_350' title='bbox 1691 4125 1745 4186; x_wconf 93' lang='lat' dir='ltr'><strong>cui</strong></span> 
     </span>
     <span class='ocr_line' id='line_1_71' title="bbox 998 4223 1744 4310; baseline -0.003 -21"><span class='ocrx_word' id='word_1_351' title='bbox 998 4226 1101 4290; x_wconf 81' lang='lat' dir='ltr'><strong>inrisa</strong></span> <span class='ocrx_word' id='word_1_352' title='bbox 1116 4226 1245 4310; x_wconf 85' lang='lat' dir='ltr'><strong>pridem</strong></span> <span class='ocrx_word' id='word_1_353' title='bbox 1263 4239 1367 4290; x_wconf 85' lang='lat' dir='ltr'><strong>mater</strong></span> <span class='ocrx_word' id='word_1_354' title='bbox 1385 4223 1463 4301; x_wconf 86' lang='lat' dir='ltr'><strong>fuit,</strong></span> <span class='ocrx_word' id='word_1_355' title='bbox 1485 4223 1520 4284; x_wconf 89' lang='lat' dir='ltr'><strong>id</strong></span> <span class='ocrx_word' id='word_1_356' title='bbox 1541 4225 1645 4309; x_wconf 82' lang='lat' dir='ltr'><strong>palam</strong></span> <span class='ocrx_word' id='word_1_357' title='bbox 1668 4246 1744 4309; x_wconf 88' lang='lat' dir='ltr'><strong>pro-</strong></span> 
     </span>
     <span class='ocr_line' id='line_1_72' title="bbox 998 4325 1744 4415; baseline -0.001 -24"><span class='ocrx_word' id='word_1_358' title='bbox 998 4329 1152 4407; x_wconf 87' lang='lat' dir='ltr'><strong>hibente,</strong></span> <span class='ocrx_word' id='word_1_359' title='bbox 1184 4330 1292 4415; x_wconf 86' lang='lat' dir='ltr'><strong>quasi,</strong></span> <span class='ocrx_word' id='word_1_360' title='bbox 1323 4343 1359 4392; x_wconf 88' lang='lat' dir='ltr'><strong>ut</strong></span> <span class='ocrx_word' id='word_1_361' title='bbox 1387 4327 1530 4402; x_wconf 84' lang='lat' dir='ltr'><strong>serebat,</strong></span> <span class='ocrx_word' id='word_1_362' title='bbox 1562 4325 1647 4390; x_wconf 86' lang='lat' dir='ltr'><strong>istud</strong></span> <span class='ocrx_word' id='word_1_363' title='bbox 1674 4328 1744 4411; x_wconf 86' lang='lat' dir='ltr'><strong>ipsa</strong></span> 
     </span>
     <span class='ocr_line' id='line_1_73' title="bbox 996 4429 1742 4523; baseline -0.005 -29"><span class='ocrx_word' id='word_1_364' title='bbox 996 4431 1157 4497; x_wconf 87' lang='lat' dir='ltr'><strong>uoluisset</strong></span> <span class='ocrx_word' id='word_1_365' title='bbox 1179 4434 1219 4515; x_wconf 76' lang='grc' dir='ltr'><strong>ο).</strong></span> <span class='ocrx_word' id='word_1_366' title='bbox 1259 4433 1371 4520; x_wconf 70' lang='lat' dir='ltr'><strong>Nepos</strong></span> <span class='ocrx_word' id='word_1_367' title='bbox 1399 4429 1552 4523; x_wconf 72' lang='lat' dir='ltr'><strong>Claudius</strong></span> <span class='ocrx_word' id='word_1_368' title='bbox 1580 4429 1681 4513; x_wconf 85' lang='lat' dir='ltr'><strong>magis</strong></span> <span class='ocrx_word' id='word_1_369' title='bbox 1709 4431 1742 4490; x_wconf 90' lang='lat' dir='ltr'><strong>iu</strong></span> 
     </span>
    </p>
   </div>
   <div class='ocr_carea' id='block_1_23' title="bbox 986 4530 1742 4618">
    <p class='ocr_par' dir='ltr' id='par_1_24' title="bbox 986 4530 1742 4618">
     <span class='ocr_line' id='line_1_74' title="bbox 986 4530 1742 4618; baseline -0.003 -22"><span class='ocrx_word' id='word_1_370' title='bbox 986 4531 1100 4598; x_wconf 82' lang='lat' dir='ltr'><strong>&#39;aviam</strong></span> <span class='ocrx_word' id='word_1_371' title='bbox 1117 4538 1312 4618; x_wconf 82' lang='lat' dir='ltr'><strong>propensus,</strong></span> <span class='ocrx_word' id='word_1_372' title='bbox 1330 4535 1431 4615; x_wconf 80' lang='lat' dir='ltr'><strong>&#39;quam</strong></span> <span class='ocrx_word' id='word_1_373' title='bbox 1447 4531 1485 4592; x_wconf 84' lang='lat' dir='ltr'><strong>in.</strong></span> <span class='ocrx_word' id='word_1_374' title='bbox 1495 4544 1630 4595; x_wconf 85' lang='lat' dir='ltr'><strong>matrem</strong></span> <span class='ocrx_word' id='word_1_375' title='bbox 1646 4530 1742 4608; x_wconf 82' lang='lat' dir='ltr'><strong>iilius,</strong></span> 
     </span>
    </p>
   </div>
   <div class='ocr_carea' id='block_1_24' title="bbox 191 4754 1738 4925">
    <p class='ocr_par' dir='ltr' id='par_1_25' title="bbox 191 4754 1738 4925">
     <span class='ocr_line' id='line_1_75' title="bbox 227 4754 1738 4840; baseline -0.006 -20"><span class='ocrx_word' id='word_1_376' title='bbox 227 4767 260 4834; x_wconf 82' lang='lat' dir='ltr'><strong>a)</strong></span> <span class='ocrx_word' id='word_1_377' title='bbox 279 4763 508 4840; x_wconf 57' lang='lat' dir='ltr'><strong>Tegmina</strong></span> <span class='ocrx_word' id='word_1_378' title='bbox 582 4761 614 4832; x_wconf 90' lang='lat' dir='ltr'><strong>o)</strong></span> <span class='ocrx_word' id='word_1_379' title='bbox 634 4760 777 4836; x_wconf 81' lang='lat' dir='ltr'><strong>Antiquit.</strong></span> <span class='ocrx_word' id='word_1_380' title='bbox 796 4757 964 4817; x_wconf 85' lang='lat' dir='ltr'><strong>usAthcus.</strong></span> <span class='ocrx_word' id='word_1_381' title='bbox 981 4763 1049 4836; x_wconf 84' lang='lat' dir='ltr'><strong>p.6.</strong></span> <span class='ocrx_word' id='word_1_382' title='bbox 1103 4761 1155 4832; x_wconf 77' lang='lat' dir='ltr'><strong>c)</strong></span> <span class='ocrx_word' id='word_1_383' title='bbox 1174 4755 1424 4816; x_wconf 78' lang='lat' dir='ltr'><strong>Florcz.tab.1X.</strong></span> <span class='ocrx_word' id='word_1_384' title='bbox 1444 4768 1510 4822; x_wconf 65' lang='lat' dir='ltr'><strong>ma.</strong></span> <span class='ocrx_word' id='word_1_385' title='bbox 1593 4754 1738 4829; x_wconf 56' lang='lat' dir='ltr'><strong>d&gt;*1..1v.</strong></span> 
     </span>
     <span class='ocr_line' id='line_1_76' title="bbox 191 4846 1427 4925; baseline -0.006 -11"><span class='ocrx_word' id='word_1_386' title='bbox 191 4867 275 4920; x_wconf 60' lang='lat' dir='ltr'><strong>cst.</strong></span> <span class='ocrx_word' id='word_1_387' title='bbox 351 4857 382 4925; x_wconf 79' lang='lat' dir='ltr'><strong>e&gt;</strong></span> <span class='ocrx_word' id='word_1_388' title='bbox 403 4852 498 4910; x_wconf 86' lang='lat' dir='ltr'><strong>Tacit.</strong></span> <span class='ocrx_word' id='word_1_389' title='bbox 514 4853 589 4908; x_wconf 85' lang='lat' dir='ltr'><strong>Anu.</strong></span> <span class='ocrx_word' id='word_1_390' title='bbox 600 4849 635 4910; x_wconf 80' lang='lat' dir='ltr'><strong>V.</strong></span> <span class='ocrx_word' id='word_1_391' title='bbox 652 4863 697 4912; x_wconf 82' lang='lat'><strong>20.</strong></span> <span class='ocrx_word' id='word_1_392' title='bbox 725 4851 805 4909; x_wconf 82' lang='lat' dir='ltr'><strong>Suet.</strong></span> <span class='ocrx_word' id='word_1_393' title='bbox 820 4851 849 4906; x_wconf 89' lang='lat' dir='ltr'><strong>iu</strong></span> <span class='ocrx_word' id='word_1_394' title='bbox 865 4851 932 4913; x_wconf 88' lang='lat' dir='ltr'><strong>Tib.</strong></span> <span class='ocrx_word' id='word_1_395' title='bbox 949 4869 974 4911; x_wconf 89' lang='lat' dir='ltr'><strong>c.</strong></span> <span class='ocrx_word' id='word_1_396' title='bbox 986 4861 1032 4914; x_wconf 80' lang='lat'><strong>51.</strong></span> <span class='ocrx_word' id='word_1_397' title='bbox 1059 4849 1116 4906; x_wconf 89' lang='lat' dir='ltr'><strong>Dio</strong></span> <span class='ocrx_word' id='word_1_398' title='bbox 1131 4849 1163 4904; x_wconf 89' lang='lat' dir='ltr'><strong>L.</strong></span> <span class='ocrx_word' id='word_1_399' title='bbox 1176 4847 1277 4909; x_wconf 84' lang='lat' dir='ltr'><strong>LVIII.</strong></span> <span class='ocrx_word' id='word_1_400' title='bbox 1293 4846 1319 4917; x_wconf 71' lang='lat'><strong>§2</strong></span> <span class='ocrx_word' id='word_1_401' title='bbox 1330 4858 1355 4907; x_wconf 79' lang='lat'><strong>2.</strong></span> <span class='ocrx_word' id='word_1_402' title='bbox 1424 4846 1427 4853; x_wconf 79' lang='grc'><strong>’</strong></span> 
     </span>
    </p>
   </div>
   <div class='ocr_carea' id='block_1_25' title="bbox 0 0 2138 5500">
    <p class='ocr_par' dir='ltr' id='par_1_26' title="bbox 0 0 2138 5500">
     <span class='ocr_line' id='line_1_77' title="bbox 0 0 2138 5500; baseline 0 6"><span class='ocrx_word' id='word_1_403' title='bbox 0 0 2138 5500; x_wconf 95' lang='lat' dir='ltr'><strong> </strong></span> 
     </span>
    </p>
   </div>
  </div>
 </body>
</html>
