4267 5500
424 528 526 625 π’
687 538 692 547 ’
940 542 1428 638 rnrnrrrro

414 732 582 825 testium
612 716 783 811 accedat
810 721 1042 813 auctoritas.
1081 719 1128 803 ln
1162 732 1378 843 praesente
1405 746 1503 833 ergo
1531 722 1726 809 examine.
1752 722 1968 829 omnnem

413 873 512 957 inde
526 869 578 953 ab
597 877 746 957 exortu
763 888 838 947 suo
855 858 1037 951 veritatis
1052 857 1368 953 omnismtticae
1382 854 1588 951 sicatlmn,
1605 871 1656 944 ut
1672 860 1775 947 alibi
1790 888 1967 973 sempor,

416 1007 561 1122 procrd
580 1001 838 1089 habebimus.

499 1148 555 1227 At
570 1141 617 1225 in·
634 1129 908 1240 recensendis,
926 1130 1245 1247 ordinandisque
1261 1145 1454 1225 monotao
1461 1132 1849 1245 Arrgrnteaemmis‘
1864 1130 1965 1219 inde

416 1279 622 1377 aduobus
640 1272 837 1376 saocdis,
867 1282 910 1353 et
932 1268 1110 1381 nmplim
1138 1269 1322 1361 maximo
1339 1268 1429 1360 lans
1446 1267 1527 1357 tuit
1544 1269 1777 1355 ADOLPHi
1803 1272 1976 1357 00Οο-

414 1420 498 1505 NiS
517 1410 673 1505 medici
688 1404 939 1521 Augustani,
968 1408 1087 1523 eujus
1106 1402 1309 1497 habemus
1327 1434 1432 1519 opus
1448 1418 1577 1493 tenue
1593 1404 1796 1519 primun,
1825 1420 1869 1493 ct
1884 1406 1968 1491 hoc
2077 1459 2082 1474 ·

415 1554 585 1643 nomine
604 1547 786 1640 edium:
811 1542 948 1653 Impp·
964 1540 1257 1673 {domandum
1276 1553 1537 1633 numanam
1555 1576 1585 1629 α
1602 1545 1804 1657 Pompejo
1821 1547 1888 1630 M
1912 1546 1974 1631 od

415 1684 1051 1795 Hemccum.Anue1ptaeM.
1071 1684 1130 1770 D.
1149 1684 1352 1772 LXXIX
1380 1697 1438 1773 in·
1459 1704 1542 1793 [pto.
1587 1686 1651 1771 Ab
1676 1685 1767 1799 ipso
1798 1698 1981 1771 auctore

416 1830 698 1945 emendaturo,
715 1824 1096 1947 locupletatumque
1112 1823 1270 1911 iterum
1281 1826 1436 1941 prodiit
1441 1830 1652 1937 Augustae
1660 1820 1972 1908 vindelicorum

416 2001 525 2065 anno
544 1965 705 2059 NLDC.
723 1961 749 2049 l.
785 1964 994 2052 recusum
1025 1964 1275 2076 Antrerpiae
1298 1964 1355 2051 Μ.
1373 1964 1457 2051 DC.
1473 1960 1596 2048 XXV.
1622 1972 1800 2047 testatur
1824 1958 1976 2057 rmn-

415 2112 505 2203 cius
523 2100 579 2215 ⁸).
602 2103 648 2197 si
665 2099 872 2205 laudmda
891 2100 983 2215 jure
993 2111 1056 2185 est
1073 2101 1317 2221 praestantis
1334 2101 1420 2189 uiri
1432 2098 1663 2216 diligentia„
1675 2110 1718 2184 et
1736 2095 1969 2202 comitium
2090 2083 2100 2144 ¹·

416 2244 530 2360 qnod
547 2242 704 2357 prlutus
724 2238 814 2347 fuit,
834 2238 906 2351 qui
924 2237 1119 2350 colligere
1137 2243 1422 2352 Augustorum
1431 2268 1581 2328 nocuos
1600 2224 1746 2323 om'nes
1762 2248 1856 2318 tum
1875 2261 1980 2343 cog-
2091 2231 2103 2286 l

422 2382 551 2483 nitus,
581 2390 624 2461 et
649 2375 694 2461 in
719 2387 956 2488 temporum
973 2374 1179 2459 rationem
1198 2376 1443 2462 distribuere
1460 2388 1712 2481 tentaverat,
1738 2384 1880 2457 tamen
1897 2397 1977 2451 no-
2101 2373 2105 2423 ἒ

421 2532 505 2613 stra
522 2514 601 2609 hac
619 2524 775 2620 aetate,
806 2538 887 2625 qua
908 2539 998 2595 non·
1012 2510 1137 2595 modo
1156 2514 1289 2599 mrdto
1307 2512 1511 2598 habemus
1528 2511 1757 2597 auctionem
1774 2508 1862 2618 ejus
1882 2534 1973 2589 mo-
2104 2523 2107 2560 ἱ

257 2677 262 2685 “
418 2668 542 2743 neta'e
563 2676 804 2758 numerum,
828 2646 902 2731 sed
917 2646 1027 2732 hane
1044 2649 1173 2735 etiam
1188 2652 1325 2735 multo
1339 2651 1578 2736 adcuratius
1595 2646 1864 2760 descriptam,
1880 2642 1974 2729 vul·
2106 2653 2107 2656 ‘

419 2804 662 2909 gatamqoe,
692 2814 794 2898 opus
816 2785 932 2870 istud
946 2787 998 2868 ab
1018 2785 1091 2894 iis,
1119 2815 1298 2908 quor-run
1314 2788 1498 2896 interest,
1526 2789 1600 2875 vix
1616 2786 1793 2899 amplius
1809 2783 1855 2867 in
1873 2810 1973 2866 con-

420 2929 559 3015 silium
577 2907 813 3018 adhibetur.
835 2921 1110 3013 Nihilominus
1131 2924 1246 3011 hunc
1272 2925 1499 3012 industriae
1525 2955 1625 3012 suae
1652 2923 1751 3010 unit
1776 2923 1972 3024 finctum,

419 3082 491 3174 ut,
521 3063 594 3177 qui
620 3058 811 3171 deinceps
838 3057 985 3150 eodem
1002 3058 1048 3146 in
1066 3068 1314 3175 argumento
1336 3063 1491 3149 versati
1506 3075 1625 3172 sunt,
1653 3057 1829 3146 Oeconis
1847 3059 1974 3141 vesti·

422 3204 498 3318 giis
517 3197 793 3286 insistendum
808 3193 1030 3302 deicerent,
1057 3209 1185 3308 atquo
1200 3203 1493 3310 profiterentur
1523 3199 1623 3312 ipsi,
1646 3195 1748 3280 nihil
1764 3193 1843 3283 sibi
1859 3192 1973 3277 alind

391 3339 549 3434 ¹fuisso
577 3329 855 3446 propositum,
887 3358 1012 3442 quam
1044 3337 1093 3416 ut
1111 3335 1290 3418 Oeconis
1316 3336 1550 3449 catalogum
1576 3334 1894 3447 amplificarent,
1930 3343 1973 3414 et

423 3474 562 3586 siqua
577 3479 796 3580 peccatum
816 3479 945 3574 esset,
975 3467 1140 3553 sanitati
1154 3470 1432 3558 restituerent

508 3606 566 3694 Et
590 3604 699 3688 hanc
721 3602 888 3716 quidem
910 3603 1168 3716 provinciam
1195 3616 1291 3720 post
1312 3637 1443 3695 annos
1464 3621 1633 3694 centron
1651 3589 1769 3692 inse
1794 3605 1975 3717 suscepit

419 3751 454 3834 F
456 3741 742 3836 nANcrscvs
762 3739 1138 3828 MEDlOBARBVS
1153 3743 1374 3832 ssrnnovs
1400 3749 1441 3832 S.
1456 3746 1545 3831 itt
1576 3745 1746 3851 Comes,
1775 3755 1818 3828 et
1835 3741 1975 3856 regiae
2028 3845 2035 3852 .

424 3880 600 3976 civitatis
618 3877 769 3988 Papiae
790 3875 971 3984 decrnio,
999 3879 1113 3967 edito
1130 3877 1228 3998 justi
1244 3877 1469 3968 voluminis
1485 3908 1623 3996 opere,
1650 3883 1711 3966 sic
1727 3881 1945 3991 inscripto&

417 4095 421 4104 .
511 4014 823 4123 Imperatorum
841 4010 1133 4096 Romanorum
1158 4019 1419 4101 taunucmata
1446 4046 1475 4098 α
1491 4013 1696 4124 Pompeio
1720 4012 1890 4124 Magno
1920 4012 1984 4092 acl
2107 4032 2108 4037 ‘

594 4147 846 4240 Heraclium
866 4143 922 4232 ab
943 4144 1101 4258 Adoffir
1125 4149 1299 4246 Oenone
1319 4159 1423 4240 olim
1442 4172 1663 4267 congesta,
1693 4177 1812 4234 nunc
1828 4151 1980 4264 Augu-

598 4303 756 4372 storum
783 4283 1001 4393 iconibus,
1028 4286 1261 4402 perpendo
1278 4293 1828 4405 historico-chonologicic
1858 4294 1982 4392 notu,

424 4455 453 4468 ··
487 4465 488 4470 ¹
558 4449 561 4458 ’
597 4420 880 4540 pluribusque
895 4428 1201 4532 udditnmenn'c
1221 4433 1465 4537 illustrata,
1492 4451 1532 4514 et
1553 4448 1693 4514 aztctu.
1726 4427 1983 4512 Mediolani.

602 4557 990 4678 MDCLXXXIII.
1001 4555 1092 4682 firi.
1238 4629 1242 4634 ,

471 4761 502 4832 ι)
521 4759 571 4818 Ad
589 4757 665 4816 Bibl.
684 4775 765 4818 num.
783 4757 879 4818 Hand.
899 4779 931 4838 p.
941 4763 988 4829 36.
