4267 5500
320 684 321 687 ,
442 614 487 684 sa
977 589 1183 670 rvmvs
1210 526 1472 667 causan(

437 769 592 833 omnibus
605 786 670 829 non
686 764 783 830 aliod
795 774 855 827 aut
870 765 1004 847 recepit,
1017 775 1078 828 out
1093 785 1187 827 usur·
1218 760 1297 827 -ira
1325 761 1361 825 in
1386 760 1493 827 numia
1521 759 1662 847 Augusti
1675 751 1869 827 alannum
1886 766 1930 834 V,
1953 768 1990 832 c.

431 873 529 956 pacit
545 870 721 946 libentius,
739 866 907 948 quamius
921 866 1058 930 laureae
1072 886 1187 949 perpe·
1243 864 1319 949 726.

435 987 493 1038 tuo
512 972 705 1053 gestandae.
751 968 833 1031 Nam
866 965 954 1051 quod
984 966 1186 1033 recalvaster
1306 967 1411 1051 Caput
1423 966 1587 1043 celatum,
1606 964 1734 1051 signum
1751 972 1939 1053 auguratus,
1958 984 1993 1034 nt

433 1085 522 1151 erat,
543 1070 585 1135 ud
600 1070 777 1155 tegendam
796 1069 979 1148 calvitiem,
992 1068 1088 1153 cujus
1108 1088 1185 1132 eam
1244 1066 1369 1134 dictum
1387 1090 1487 1153 supra
1503 1066 1564 1131 sub
1579 1069 1736 1152 Augure,
1757 1091 1915 1156 quorsom
1932 1073 1993 1138 eti·

433 1173 647 1261 suppudebat,
663 1194 728 1235 non
747 1172 835 1236 aliod
850 1184 981 1257 praesto
997 1190 1073 1233 esse
1092 1185 1185 1253 pote·
1244 1160 1457 1257 adpertinet
1474 1172 1593 1235 lituus.

434 1272 1186 1359 ratsubsidiomoppos-tuniumquaecamafnit,
1308 1275 1452 1338 Arctum
1478 1292 1709 1359 nonnunquam
1730 1272 1821 1358 juxta
1841 1275 1989 1340 Caesaris

431 1398 492 1444 cor
518 1378 598 1441 olim
622 1397 683 1441 rex
707 1395 838 1460 quoque
860 1375 1062 1461 Agathoclea
1091 1395 1186 1439 coro·
1243 1389 1340 1466 capot
1362 1373 1512 1459 ponitur,
1527 1373 1616 1459 quod
1627 1374 1717 1439 forte
1732 1374 1856 1441 indicat
1869 1391 1992 1441 astrum

430 1502 505 1546 nam
520 1491 665 1563 gestaret
680 1480 720 1560 ¹).
750 1475 842 1539 lrlem
860 1474 902 1539 de
930 1476 1071 1542 Caesare
1087 1491 1185 1541 testa·
1240 1477 1384 1547 Veneris
1409 1476 1520 1540 matris
1543 1477 1696 1556 Aeneae,
1728 1490 1783 1543 aot
1806 1500 1928 1543 annum
1952 1480 1994 1545 atl

431 1598 486 1648 tur
507 1582 572 1646 Dic
595 1599 725 1665 quoque
741 1570 794 1660 1))ε
829 1576 982 1657 scilicet,
999 1600 1128 1663 semper·
1148 1593 1184 1642 et
1240 1581 1320 1643 eolis
1345 1600 1477 1643 cursum
1500 1578 1605 1663 aptius
1625 1594 1826 1645 revocatum.
1855 1582 1991 1660 tunm,

430 1686 551 1767 ubique
572 1686 690 1747 lactea
711 1700 785 1743 cum
812 1700 934 1743 corona
950 1680 1066 1765 fuisse
1089 1702 1186 1745 omo·
1242 1702 1326 1767 quae
1350 1681 1430 1743 item
1455 1680 1543 1764 juxta
1562 1680 1632 1763 ejus
1647 1694 1744 1764 capot
1760 1702 1993 1769 nonnunquam

429 1800 512 1864 tum,
537 1786 663 1866 objectu
688 1803 815 1858 causo,
837 1784 927 1862 qaod
948 1782 1063 1845 calcus
1083 1795 1184 1851 esset.
1241 1782 1376 1861 visitor,
1413 1781 1539 1845 incerta
1567 1780 1778 1865 significatio,
1806 1784 1872 1847 nisi
1901 1786 1989 1851 forte

430 1888 498 1953 Sed
515 1883 860 1961 animadvertendum,
887 1885 1051 1961 lauream,
1079 1887 1182 1970 quai.
1239 1905 1362 1949 annum
1384 1902 1515 1969 quoquc
1531 1896 1718 1949 correctum
1738 1884 1886 1970 respicit.

429 1991 551 2055 Caesar
566 2009 642 2051 usus
668 1998 742 2064 est,
764 1986 866 2051 fuisse
881 1984 1043 2052 diversam
1065 1984 1107 2049 ab
1126 2006 1181 2065 ea,
1525 2024 1528 2029 -
1666 2044 1671 2063 ‚

429 2113 493 2177 qua
509 2091 560 2154 osi
584 2101 660 2152 suot
689 2088 760 2172 ejus
789 2107 998 2151 successores
1021 2088 1180 2171 Angusti3
1487 2069 1748 2160 ΡῙΞΠΙῙΜ·

426 2214 502 2257 nam
520 2191 639 2256 horum
661 2190 772 2253 laurea
793 2189 916 2252 intenta
936 2189 999 2251 luit
1019 2188 1182 2255 diadema·
1301 2189 1353 2254 ct
1384 2186 1546 2255 Beauvais
1575 2186 1611 2251 iis
1643 2210 1747 2274 opere
1777 2210 1859 2270 soe,
1896 2194 1992 2278 qood

426 2294 474 2373 ti,
495 2293 587 2378 cujus
609 2305 775 2356 extremae
793 2291 911 2354 lasciua
927 2290 960 2351 in
976 2290 1084 2353 numia
1104 2311 1181 2355 ceo·
1237 2290 1390 2355 Histoire
1404 2289 1542 2375 ubrcglc
1553 2291 1612 2359 des
1626 2284 1990 2374 Empereursinscrilsi·

427 2396 609 2483 spiciuntur
632 2406 708 2479 post
731 2392 861 2477 occiput
884 2410 925 2454 ex
948 2391 1036 2455 notio
1057 2392 1180 2477 ‹lapen-
1235 2405 1307 2470 tur,
1344 2392 1482 2478 singolis
1505 2394 1741 2477 imperatorum
1764 2394 1841 2461 ritis
1861 2394 1905 2459 ai
1923 2398 1990 2461 cal·

427 2500 521 2565 dere.
564 2498 609 2560 At
631 2500 657 2561 l.
682 2490 830 2559 Caesaris
852 2492 963 2557 laurea
984 2494 1047 2557 hoc
1068 2495 1179 2561 ‹liade-
1235 2515 1309 2561 cem
1331 2494 1451 2580 adjecit
1473 2517 1546 2559 suaa
1564 2493 1610 2559 dc
1631 2494 1807 2559 numerum
1832 2498 1991 2564 uuiuscu-

427 2602 529 2665 mate‘
543 2611 733 2664 constanter
760 2596 966 2673 destituitur,
1011 2617 1120 2683 neque
1141 2598 1177 2661 id
1234 2596 1357 2683 jusque.
1372 2597 1512 2683 Augusti
1534 2596 1661 2682 praetio
1684 2599 1901 2683 conjecturas.
1941 2604 1990 2671 Vt

425 2724 567 2788 uuquam
601 2702 633 2765 ci
662 2723 680 2765 a
710 2698 833 2786 populo
864 2696 1059 2782 permissum
1092 2699 1174 2779 loia,
1234 2721 1307 2764 rem
1324 2715 1449 2785 gratam
1465 2700 1584 2765 secisse
1599 2700 1752 2766 vianseat
1770 2700 1828 2782 iia,
1843 2702 1902 2789 qui
1918 2704 1988 2770 ccl·
2037 2723 2046 2750 ⁸

425 2825 500 2870 cnm
522 2804 672 2868 diadema
694 2803 808 2888 regiae
833 2801 1001 2884 potestatis
1019 2803 1175 2865 Romanis
1231 2802 1374 2888 ligandis
1397 2803 1503 2865 numia
1530 2802 1697 2868 veteribus
1730 2803 1808 2869 dant
1832 2825 1989 2890 operam,

423 2921 597 2991 tantopere
625 2925 745 2969 exosae
773 2918 861 2967 esset
886 2901 1053 2971 indicium.
1095 2905 1175 2968 Nar·
1233 2925 1276 2967 ne
1298 2903 1339 2968 iis
1362 2905 1510 2968 emendis
1534 2905 1567 2966 in
1589 2903 1739 2970 fraudem
1768 2905 1987 2987 inducantur,

422 3024 475 3075 rat
510 3008 687 3098 Suetonius
703 3009 753 3090 e),
792 3004 967 3092 aliquando
1002 3005 1175 3092 quemdam
1233 3005 1382 3072 dubitant
1403 3022 1513 3072 tamen
1537 3007 1689 3091 plurimi,
1715 3021 1826 3072 utrum
1852 3009 1987 3076 unirer·

423 3111 562 3179 eturba
591 3126 715 3175 statuae
744 3109 892 3172 Caesaris
922 3128 1078 3172 coronam
1107 3109 1177 3173 lao-
1232 3110 1294 3173 sim
1313 3109 1384 3194 ejus
1403 3109 1527 3195 judicio
1544 3121 1615 3173 tuto
1633 3108 1712 3173 stari
1726 3110 1842 3194 possit.
1897 3115 1982 3176 Nam

346 3189 362 3212 ἱ
422 3237 516 3280 ream
536 3211 674 3278 candida
702 3210 803 3274 larcia
829 3209 1041 3294 praeligatum
1071 3211 1175 3294 impo-
1230 3212 1374 3296 primum
1395 3212 1577 3298 generatim
1597 3209 1765 3295 loquendo
1780 3212 1920 3276 nimium
1937 3216 1985 3280 vi-

423 3317 548 3392 suisse,
564 3327 597 3378 at
625 3333 697 3376 cam
719 3312 874 3375 continuo
890 3309 1003 3394 Epidii
1021 3312 1173 3391 Marulli,
1232 3312 1330 3376 detor
1346 3334 1463 3378 eornm
1481 3315 1576 3381 valor
1593 3325 1829 3397 exaggeratum
1859 3313 1983 3380 demde

424 3429 459 3484 et
481 3415 623 3482 Caesetii
647 3413 741 3478 Flavi
766 3412 972 3477 tribunorum
996 3413 1087 3497 jussu
1116 3413 1174 3478 ‹lc-
1230 3414 1353 3478 frustra
1369 3429 1436 3495 est,
1454 3437 1529 3481 cum
1550 3436 1739 3493 numerum,
1762 3435 1903 3499 quorum
1919 3439 1985 3503 per

422 3533 560 3586 tractam
586 3517 699 3582 luisse.
735 3513 830 3579 ‘ldem
860 3511 1031 3578 adfirmant
1052 3515 1171 3600 Appia·
1230 3517 1338 3581 omnia
1359 3519 1514 3603 Europae
1531 3538 1644 3581 musea
1665 3517 1816 3596 unicum,
1841 3529 1899 3585 ant
1913 3521 1982 3586 lor·

421 3644 484 3686 nu,
500 3621 550 3707 d),
592 3634 626 3684 et
646 3619 712 3682 Dio
728 3620 769 3701 e).
811 3616 929 3680 Refert
958 3617 1055 3688 enam
1081 3618 1172 3681 Plut-
1228 3632 1261 3681 te
1290 3618 1356 3682 duo
1383 3627 1507 3683 tentoni
1541 3633 1669 3685 exstant
1699 3621 1870 3706 exempla,
1906 3645 1980 3688 cer-

421 3725 539 3791 archus
561 3723 610 3786 lsis
632 3721 678 3806 I),
721 3719 969 3786 maurontum
997 3719 1086 3783 inter
1106 3723 1171 3784 Ln-
1227 3732 1296 3783 tom
1321 3721 1393 3806 tigit
1419 3722 1583 3806 pretium
1622 3707 1697 3788 coin
1725 3744 1756 3787 c.
1780 3744 1811 3790 c.
1838 3747 1980 3790 aureum

420 3827 567 3914 perculis
583 3824 740 3888 obtulisse
758 3823 891 3886 Caesari
913 3843 975 3907 pro
989 3823 1105 3886 rostris
1119 3844 1171 3887 se·
1226 3824 1403 3887 Pescennii
1418 3845 1570 3902 numum,
1589 3824 1645 3911 qai
1661 3826 1775 3889 unicus
1792 3839 1859 3902 est,
1893 3847 1979 3894 saco

421 3930 531 4006 denti,
553 3942 587 3992 et
600 3923 760 4011 spectanti
778 3923 925 3987 diadema
944 3925 1028 3987 lauri
1046 3946 1168 3989 corona
1225 3924 1320 3988 libris
1346 3926 1481 3991 Gallicis
1507 3914 1662 3990 resumat.
1696 3928 1832 3992 Poterat
1853 3931 1978 3996 eodem

420 4041 677 4109 exornatum,at
689 4029 852 4112 rejectum
870 4029 1060 4106 aCaesare,
1081 4027 1170 4113 quod
1225 4027 1300 4111 jure
1324 4029 1395 4114 ejus
1417 4029 1565 4114 pretium
1590 4027 1692 4111 duplo
1717 4045 1860 4114 angere,
1900 4054 1980 4097 cum

420 4135 565 4222 graviter
600 4131 689 4196 istud
722 4129 814 4194 serra
842 4129 999 4215 populum
1028 4131 1170 4193 animati·
1225 4150 1298 4208 res,
1338 4151 1420 4215 quae
1458 4131 1596 4215 pecunia
1634 4133 1741 4214 parari
1771 4133 1873 4216 vulgo
1905 4157 1983 4200 non

418 4237 531 4306 vertit.
592 4233 694 4320 Cujus
731 4246 866 4296 naturae
908 4231 1057 4298 rideatur
1090 4231 1170 4294 fuis·
1225 4245 1380 4316 possunt,
1396 4233 1563 4318 quantivis
1585 4234 1651 4296 sint
1668 4230 1777 4318 pretii.
1803 4235 1890 4299 Mihi
1912 4239 1977 4304 hoc

419 4361 456 4404 se
478 4339 628 4404 diadema
649 4339 851 4412 laureatum,
873 4355 937 4420 quo
957 4353 1166 4398 soccessores
1223 4334 1300 4398 loco
1324 4333 1411 4396 aliud
1436 4334 1642 4420 propositum
1674 4355 1742 4422 oon
1771 4349 1845 4415 est,
1876 4360 1973 4424 qnam

418 4445 577 4509 Caesarea
613 4437 684 4516 osi,
700 4451 792 4520 sont,
830 4436 1083 4503 examinabimus
1118 4436 1168 4498 in·
1223 4435 1258 4498 in
1280 4456 1407 4521 genere
1423 4438 1585 4503 lectorem
1603 4439 1743 4505 rannus
1760 4437 1899 4523 gratim
1910 4463 1976 4528 pro

293 4821 303 4832 ·
455 4782 485 4854 ¹)
505 4771 595 4836 ⁰³⁰³·
611 4769 793 4831 Simm-
810 4791 835 4830 ⁰·
851 4780 896 4834 ⁵⁴·
987 4767 1292 4844 b)L.XL111.§.ss.
1385 4772 1417 4845 ο)
1438 4771 1512 4847 Cer·
1528 4782 1574 4845 ⁷9·
1666 4769 1977 4846 d)oen.01v.c.1t.·

418 4895 443 4942 c.
459 4879 519 4934 108·
612 4865 643 4936 Β)
662 4861 887 4948 L.X1,1V.§.9,
960 4859 1135 4936 OinCaes.
1152 4859 1233 4918 atil.
1249 4862 1356 4919 Anton.
1466 4901 1470 4906 .
