4267 5500
901 549 1223 628 nemereus
1256 515 1602 680 emetiamur.

1112 843 1391 910 ruerrrfm.
1517 791 1521 799 ⁵

716 1027 838 1106 anast,
861 1039 897 1092 ot
916 1029 1067 1112 argentei
1137 1050 1637 1076 ······
1720 1025 1791 1092 tut.

713 1131 821 1194 Aenei
842 1133 866 1192 i.
889 1143 923 1194 et
944 1131 1000 1195 111.
1022 1130 1149 1194 formae
1172 1125 1340 1193 commatis
1361 1125 1402 1192 R.
1430 1157 1445 1174 ·
1526 1147 1542 1174 υ
1625 1155 1639 1178 ο
1756 1171 1765 1188 .

714 1232 820 1296 Annei
842 1235 883 1298 11.
905 1231 1032 1296 formae

712 1335 819 1397 Aeaei
839 1315 969 1397 urbium
990 1334 1189 1414 liberarum,
1211 1346 1245 1399 et
1267 1331 1470 1398 coloniarum
1517 1357 1534 1382 ·
1615 1357 1630 1381 ·

881 1613 1223 1705 Aonrrrttvn
1265 1627 1618 1700 uenerantur.

531 1819 613 1884 Nata
645 1819 693 1882 Μ.
714 1817 876 1904 Agrippa.
909 1833 944 1886 at
972 1821 1055 1885 Iulia
1078 1823 1218 1908 Augusti
1276 1817 1406 1882 sionem
1428 1813 1569 1892 venant,
1599 1815 1688 1901 qnod
1709 1817 1811 1882 abeo
1833 1815 1891 1881 sibi
1913 1833 1986 1902 pore·

468 1919 552 1998 iilia,
583 1928 684 2006 nupta
714 1923 851 1987 subinde
874 1924 1088 2001 Germanico,
1121 1928 1218 2009 eique
1276 1934 1363 1983 etum
1386 1919 1428 1980 iri
1449 1919 1555 2001 palam
1578 1917 1762 1996 metuebat,
1785 1921 1878 2005 magis
1897 1922 1984 1984 ariter·

468 2036 607 2106 propter
635 2022 751 2100 iidem,
783 2027 988 2110 pudicitiam,
1019 2039 1117 2110 atqua
1152 2028 1219 2090 nni·
1277 2043 1348 2083 snm
1369 2039 1405 2082 se
1436 2021 1559 2097 irritat,
1589 2021 1645 2106 qui
1675 2021 1766 2084 iiiam
1791 2023 1860 2085 aliis
1886 2033 1987 2106 praete·

468 2147 556 2186 mum
584 2125 658 2206 pius
684 2148 781 2209 quem
803 2129 837 2188 in
866 2129 988 2192 femina
1016 2128 1219 2213 intrepidum
1278 2143 1334 2185 roa
1364 2121 1461 2184 illatis
1499 2121 1605 2186 mutia
1637 2123 1755 2188 vinciri
1783 2137 1816 2188 et
1843 2143 1985 2186 exeuuoe

469 2227 643 2310 insigniter
677 2227 812 2310 probata
841 2228 912 2294 fuit.
964 2231 1089 2294 Lebem
1121 2231 1218 2293 tantis
1275 2223 1469 2288 centurione
1507 2225 1604 2287 oculo
1645 2227 1767 2309 (usque
1798 2223 1874 2290 adeo
1897 2236 1984 2286 contre

471 2326 643 2388 virtutibus
661 2349 832 2410 aspersere
847 2332 1021 2393 aemulatio
1036 2332 1216 2409 muliebris,
1275 2326 1341 2390 rim
1365 2321 1482 2388 obnixu
1511 2330 1596 2409 orat)
1626 2327 1661 2388 in
1692 2326 1903 2390 Pandatariam
1929 2325 1985 2406 ejici

469 2441 566 2512 utque
583 2428 752 2508 ingenium
767 2428 881 2508 ieron,
911 2433 975 2495 nisi
997 2447 1156 2496 excusent
1171 2434 1217 2494 ie·
1274 2428 1367 2510 jussit
1389 2429 1428 2493 V·
1447 2427 1483 2491 C.
1506 2427 1582 2508 783.
1624 2429 1672 2492 Ea
1694 2429 1730 2490 in
1752 2428 1851 2492 insula
1875 2425 1986 2492 triennio
2065 2449 2066 2514 3

468 2530 587 2591 minam
609 2547 651 2591 eo
674 2530 751 2592 loeo
771 2545 896 2610 natan,
927 2547 963 2596 et
984 2535 1147 2596 cananiam
1170 2534 1218 2596 vi·
1274 2530 1406 2612 postV·
1424 2529 1539 2606 0786
1557 2549 1617 2591 seu
1636 2532 1821 2606 voluntate,
1846 2548 1984 2610 tennega·

468 2643 521 2692 tae
551 2643 655 2706 suste,
687 2644 722 2693 et
747 2631 878 2717 integre
908 2647 1017 2712 artae,
1044 2635 1133 2718 quod
1162 2635 1218 2698 ari·
1274 2631 1315 2692 tis
1331 2629 1492 2692 alimentis
1514 2630 1604 2694 diem
1625 2631 1696 2695 obit
1711 2635 1785 2702 XV.
1801 2632 1987 2696 liabNorem·

469 2752 601 2795 versum
623 2731 856 2816 impurissimus
879 2734 1025 2815 Tiberii,
1047 2751 1081 2799 et
1102 2737 1217 2803 Liviae
1274 2731 1369 2809 bret,
1404 2731 1523 2796 eodem
1551 2733 1622 2810 die,
1655 2754 1723 2819 quo
1752 2750 1823 2799 unte
1851 2733 1985 2797 biennium

469 2833 731 2911 criminationes,
755 2849 789 2899 et
802 2838 980 2903 Plancinae
996 2840 1144 2903 mulieris
1158 2842 1219 2901 im·
1275 2836 1422 2911 Seianus.
1473 2836 1553 2919 Ejus
1588 2836 1698 2900 audita
1728 2851 1832 2903 morte
1861 2834 1984 2898 Tiberius

468 2936 723 3019 pudentissimo
759 2940 893 3022 injurias
930 2943 1067 3026 sumpsit
1104 2964 1218 3026 super-
1274 2938 1403 3021 jactavit
1425 2938 1631 3001 elementiam
1654 2934 1767 3017 suam,
1788 2936 1986 3019 quadranta-

467 3037 554 3100 biaru
587 3040 766 3122 quaesitam
798 3043 935 3109 meritis.
985 3044 1216 3107 Rebeiiantem
1274 3062 1355 3120 queo
1381 3042 1611 3121 strangulata,
1653 3045 1816 3121 usquein
1839 3038 1985 3103 Gemonias

467 3141 528 3203 sub
551 3141 688 3222 Augusti
710 3155 848 3205 mortem
875 3145 1058 3208 exereitum
1080 3146 1217 3209 Germa*
1273 3142 1400 3217 abjecta
1425 3142 1521 3221 foret
1543 3145 1585 3223 ¹).
1621 3143 1703 3204 Tana
1738 3142 1853 3207 acerbe
1881 3150 1984 3224 praeiet

466 3240 576 3303 nisum
599 3261 654 3303 sua
678 3262 808 3324 quoque
833 3246 1045 3323 auctoritate,
1078 3268 1116 3311 aa
1140 3268 1215 3331 pra·
1272 3260 1368 3303 omne
1395 3239 1442 3303 ses
1464 3242 1592 3306 habitae
1629 3246 1820 3308 memoriam
1842 3244 1918 3304 filins
1942 3240 1986 3300 Cs-
2064 3244 2065 3251 ’

466 3342 559 3405 ribus
580 3343 738 3405 coercuit.
790 3344 831 3409 V·
854 3346 890 3405 C.
920 3367 983 3427 77⁰
1005 3348 1156 3411 maritum
1178 3348 1213 3409 in
1271 3342 1372 3425 lignis
1398 3344 1538 3427 imperio
1567 3334 1717 3409 admotus
1744 3348 1890 3411 continuo
1913 3340 1984 3405 resti·

468 3443 642 3512 Orientem
658 3432 842 3509 consectata
863 3448 955 3508 testis
974 3447 1036 3509 suit
1049 3448 1213 3512 atrocissi-
1269 3446 1350 3522 tuit,
1373 3457 1408 3507 ut
1424 3464 1500 3507 mox
1516 3443 1711 3515 ridebimur.
1728 3469 1729 3478 ¹

465 3566 592 3607 marum
610 3545 819 3627 injuriarum,
843 3564 921 3630 quas
937 3548 1135 3613 Germanico
1152 3572 1212 3613 suo

465 3648 525 3711 Cn.
536 3647 616 3709 Piso
636 3648 749 3731 Syriae
770 3670 920 3731 praeses,
942 3650 1003 3712 eibi
1019 3672 1100 3715 vero
1116 3652 1212 3735 hujus
1279 3682 1283 3689 ·

465 3768 551 3811 uxor
572 3749 742 3828 Plancina,
772 3765 911 3835 uterque
934 3750 1021 3813 haud
1045 3752 1143 3815 dubie
1171 3752 1212 3815 eb
1587 3684 1710 3789 ΜΨ

463 3850 619 3935 Augustis
642 3852 854 3925 subornetur.
887 3853 1085 3931 intulerunt,
1117 3853 1213 3918 vidit·
1332 3852 1377 3914 Hi
1399 3870 1514 3915 omnes
1530 3865 1605 3937 post
1625 3854 1696 3938 ejus
1716 3868 1851 3919 mortem
1867 3874 1883 3916 e
1899 3847 1984 3935 proxi·
2063 3904 2064 3937 ἒ

464 3972 529 4034 que
557 3950 690 4013 biennio
717 3966 792 4035 post
821 3954 1009 4037 propinato,
1040 3972 1077 4019 ut
1098 3957 1212 4019 oredo·
1267 3952 1329 4015 mis
1348 3954 1473 4017 Tiberii
1493 3956 1738 4021 successoribus
1755 3958 1865 4041 signati
1881 3964 1949 4015 sunt

464 4054 580 4128 batur,
613 4050 746 4135 abhoc
776 4074 904 4117 veneno
935 4058 1085 4121 maritum
1116 4080 1210 4122 suum
1407 4056 1656 4122 AGRIPPINA.
1691 4061 1798 4122 MAT.
1823 4060 1860 4123 C.
1882 4050 1982 4119 CAES.

462 4154 669 4231 exstinctum.
721 4148 1096 4223 Collectia'Germenici
1122 4162 1211 4229 eine·
1408 4158 1510 4227 AVG.
1532 4159 1669 4224 GERM.
1716 4164 1823 4245 Ceput
1849 4152 1983 4241 Agrippi·

462 4258 554 4321 nibus
593 4258 731 4319 Romam
768 4276 843 4318 cum
885 4256 998 4322 liberis
1036 4276 1209 4347 properet,
1411 4282 1482 4324 noe.

464 4357 569 4444 iisque
598 4358 737 4442 Augusti
759 4359 883 4421 tumulo
913 4361 1011 4425 illatis
1039 4364 1109 4425 soia
1131 4363 1209 4427 edu·
1267 4359 1303 4423 C.
1318 4356 1502 4427 CAESAR.
1525 4362 1627 4432 Ave,
1659 4352 1796 4429 GERM.
1816 4364 1852 4424 P.
1871 4356 1981 4423 MR.

463 4460 574 4523 candia
595 4460 710 4524 liberis
732 4473 835 4526 vocet.
875 4464 1020 4527 Moero
1036 4464 1207 4527 Tiberium
1265 4454 1526 4527 POT.innlr'r's.·
1543 4457 1978 4533 e.ansn1t.nvG.PON.

462 4562 586 4646 alioqui
622 4562 661 4625 ab
693 4584 729 4627 se
764 4562 907 4626 alienum
937 4580 1076 4649 propter
1105 4570 1207 4651 suspi-
1265 4566 1310 4628 M.
1330 4566 1398 4629 TR.
1415 4565 1515 4629 ΡΟΤ.
1536 4568 1591 4631 ΙΙΙ.
1620 4568 1714 4632 COS.
1737 4570 1792 4634 111.
1823 4568 1919 4649 Caput
1935 4562 1982 4623 oa·

500 4786 532 4854 a)
551 4782 647 4842 Tacit.
663 4786 696 4842 L.
707 4784 758 4845 vl.
773 4798 816 4850 25.
