4267 5500
455 580 523 649 ns
844 533 1018 636 cstvs
1051 561 1124 633 nr
1156 557 1373 634 nvc1vs
1407 555 1598 635 censs.

513 733 693 800 costulas
730 729 949 796 nestun-st.
998 727 1193 794 andiendus
1249 675 1291 798 Vi
1307 728 1343 795 C.
1363 737 1442 815 749,
1468 747 1609 814 eumque
1629 725 1717 794 tuen
1737 727 1884 809 reseret,
1909 751 1997 796 unro

448 833 582 900 Tacitus
597 841 644 914 ¹)t
661 831 750 896 Num
761 833 1062 916 genitosAgrs'ppu
1076 834 1192 912 Cusum
1249 844 1408 917 sequente
1433 830 1572 894 Lusium
1609 829 1744 897 eosdem
1781 845 1999 898 conscentun

448 959 489 1002 uu
503 937 648 1000 Lucium
665 933 884 1018 insumilt'um
900 935 1078 998 Caesarum
1096 937 1192 998 indu·
1248 933 1413 1012 honores,
1439 953 1521 1018 quos
1546 933 1720 1019 superiore
1743 935 1875 1018 Cujum,
1893 950 2000 1018 'uppa-

304 1081 312 1096 .
442 1050 548 1104 ‚verat
568 1037 704 1100 necdum
726 1037 841 1119 positu
858 1035 983 1118 puerili
1002 1048 1191 1121 praetextu,
1249 1047 1319 1114 ret,
1343 1036 1430 1100 hune
1450 1027 1673 1100 titulun-oum
1690 1036 1797 1102 Lucio
1817 1035 2000 1114 eommuni-

444 1143 615 1225 priucipes
635 1138 822 1219 juventutis
840 1137 1019 1220 appellari,
1049 1138 1196 1202 destinu-
1250 1149 1357 1200 tutum
1375 1137 1415 1203 V·
1430 1137 1466 1199 C.
1483 1139 1556 1212 750.

447 1247 541 1321 rique
558 1241 710 1304 consules
726 1242 833 1319 specie
850 1241 1036 1300 recusantis
1040 1240 1194 1322 flagrou-
1313 1239 1385 1300 Stat
1400 1251 1539 1322 uterque
1557 1238 1702 1317 volutus,
1723 1251 1759 1302 et
1773 1251 1921 1323 togatus,
1942 1240 1999 1302 ita·

447 1343 576 1404 tissime
599 1341 777 1422 cupiverat.
806 1339 851 1400 Et
871 1337 1050 1402 Suetonius
1068 1339 1120 1423 Ι>)τ
1149 1354 1196 1402 te·
1249 1336 1320 1401 bitu
1336 1339 1489 1401 nimirum
1505 1359 1614 1417 sacro,
1633 1361 1774 1424 superne
1791 1342 1869 1404 hine
1884 1341 1996 1416 lituus,

421 1458 424 1464 '
447 1461 607 1522 uerusque
625 1440 734 1503 adnue
751 1441 797 1502 ud
810 1459 926 1500 rurum
943 1444 1025 1524 reip.
1034 1443 1192 1517 admovit,
1211 1491 1216 1496 .
1248 1439 1326 1504 inde
1350 1439 1588 1523 oapeduneula,
1617 1462 1756 1525 quorum
1777 1443 1860 1505 situs
1879 1441 1916 1505 in
1936 1465 1998 1505 nu·

447 1554 484 1607 et
497 1541 853 1622 eonsulesdesignutos
865 1545 989 1605 rs'rcum
998 1543 1194 1624 provincius
1250 1542 1311 1604 mis
1331 1543 1435 1606 variat
1455 1555 1540 1605 teste
1562 1544 1724 1606 Pedrusio
1744 1543 1812 1626 ti),¹
1826 1544 1876 1607 siu
1899 1557 1938 1606 ut
1964 1544 1998 1604 in

447 1649 680 1722 exercitusque
701 1642 840 1705 dimisit.
871 1641 948 1736 Quo
970 1663 1054 1705 anuo
1074 1663 1193 1720 eonsu-
1248 1644 1320 1708 aliis
1342 1643 1384 1704 sit
1404 1643 1503 1706 lituus
1523 1665 1565 1707 ex
1582 1659 1676 1728 purte
1698 1645 1848 1728 dextera,
1870 1646 1906 1706 in
1924 1645 1996 1707 aliis

447 1745 500 1809 les
530 1741 692 1828 designati
722 1741 864 1821 fuerint,
903 1742 1018 1809 definit
1047 1765 1192 1810 marmor
1250 1744 1389 1807 sinistra.
1429 1743 1659 1827 capedunculis
1688 1759 1780 1809 certo
1810 1745 1854 1810 ad
1882 1747 1998 1828 Cajum

449 1849 671 1927 Aneyranum:
695 1843 842 1907 Honoris
856 1850 922 1908 mei
936 1867 1040 1910 causa
1055 1859 1194 1910 renatus
1250 1843 1409 1928 pertinet,
1438 1866 1513 1908 nam
1536 1861 1620 1910 teste
1642 1848 1750 1912 Dione
1771 1848 1997 1912 sacerdotium

443 1947 650 2029 populusque
674 1943 715 2006 ἃς
736 1965 859 2008 annum
881 1950 1032 2028 quintum
1052 1962 1087 2010 et
1108 1950 1194 2010 deci·
1249 1945 1382 2008 abstulit
1395 1947 1435 2013 V.
1451 1949 1488 2014 C.
1505 1950 1579 2027 748.
1603 1949 1892 2036 cajipontifiuatus
1909 1966 1998 2014 uum·

447 2069 537 2110 mum
557 2049 689 2129 agentis
708 2045 836 2130 (Cujum
855 2059 888 2110 et
905 2047 1058 2125 Lucium)
1078 2067 1195 2111 consu·
1249 2046 1406 2132 probatur
1428 2049 1526 2110 etiam
1547 2069 1590 2112 ex
1609 2051 1802 2116 numismate
1831 2073 1932 2136 supra
1961 2053 1996 2113 iu

446 2149 497 2210 les
511 2150 714 2230 designavit,
734 2161 772 2210 ut
789 2169 863 2210 eum
879 2152 1115 2231 magistratum
1130 2151 1195 2213 ini·
1251 2149 1321 2231 ejus
1344 2148 1446 2212 soiius
1468 2163 1597 2212 moneta
1619 2152 1733 2228 citato,
1754 2153 1789 2214 in
1802 2169 1877 2237 'quo
1897 2153 1927 2216 is
1949 2153 1997 2214 sii·

447 2262 522 2311 rent
534 2259 612 2330 post
627 2252 895 2327 quinquennium.
911 2249 1098 2313 Secundum
1110 2251 1192 2313 haee
1250 2251 1334 2314 citur
1351 2251 1484 2316 PONT.
1503 2250 1613 2330 008..
1631 2267 1666 2316 et
1681 2253 1896 2340 inscriptione
1913 2255 1997 2319 Gru·

448 2347 549 2412 verba
577 2346 673 2429 Cujus
699 2360 791 2410 natus
816 2348 858 2415 V.
879 2349 914 2412 C·
939 2351 1004 2430 734
1026 2371 1110 2414 anno
1137 2348 1194 2413 de·
1248 2351 1315 2416 teri
1333 2353 1380 2434 ⁰)=

449 2468 539 2510 mum
567 2449 631 2528 748
658 2448 775 2532 agebat
800 2471 919 2512 annum
941 2451 1029 2529 XV..
1060 2473 1098 2516 au
1120 2463 1194 2514 tum
1347 2453 1387 2521 C.
1410 2453 1607 2517 causam.
1630 2453 1835 2525 AVGVSTI.
1857 2457 1899 2524 1².

449 2547 637 2631 designatus
652 2563 703 2610 est
716 2552 842 2614 consul.
862 2539 899 2610 ln
914 2572 1088 2629 marmore,
1104 2552 1193 2636 quod
1445 2557 1678 2622 PONTIFICI.
1702 2559 1798 2624 COS.

449 2669 492 2714 ex
507 2647 664 2713 Pnnvinio
680 2649 756 2712 citat
771 2650 920 2714 Neritius
934 2653 981 2731 0),
1001 2653 1125 2735 legitur
1149 2653 1202 2717 da.
1450 2735 1465 2746 ε
1486 2657 1756 2725 ΠΕ816ΝΑΤο.

450 2751 570 2815 eudem
589 2749 684 2832 Csjot
707 2773 801 2831 quem
819 2773 887 2817 cos.
902 2754 1047 2837 populus
1066 2760 1193 2819 creavit
1369 2758 1566 2823 PRINCIPI.
1590 2761 1874 2829 rvvtttt'rvtrtu

449 2874 528 2919 uun.
545 2865 614 2915 καί.
634 2852 752 2930 xlta,
774 2872 862 2938 ergo
879 2854 913 2915 in
931 2853 995 2918 hoo
1010 2856 1120 2939 lapide
1139 2879 1193 2921 su·
1247 2857 1364 2921 Litnus
1382 2862 1528 2925 refertur
1543 2862 1583 2927 ud
1599 2862 1737 2927 Lucium
1751 2864 1863 2943 caen,
1880 2877 1995 2948 utpote

446 2971 566 3017 uorum
585 2966 707 3017 tautum
727 2955 966 3039 completorum
984 2956 1125 3021 habetur
1142 2980 1193 3022 ra·
1249 2974 1423 3044 auguratus
1451 2964 1616 3031 iudicium.
1650 2966 1767 3031 Fuisse
1792 2987 1870 3029 eum
1895 2986 1997 3047 augu-

447 3056 506 3120 tio.
538 3057 670 3121 Revera
693 3056 789 3138 Cujus
816 3068 892 3140 post
919 3055 1192 3143 quinquennium,
1249 3083 1332 3141 rem,
1350 3062 1466 3146 probat
1479 3085 1623 3131 marmor
1636 3064 1773 3131 Gruteri
1787 3066 1905 3133 eodem
1919 3068 1995 3131 ioco

451 3169 486 3218 ut
502 3156 547 3219 ait
565 3158 790 3238 Ancyrsnum,
816 3159 952 3221 excluso
969 3160 1122 3223 nimirum
1139 3183 1205 3225 nn·.
1250 3163 1436 3247 vulgatumt

446 3276 493 3318 no
511 3258 576 3336 748
591 3258 752 3336 processit
769 3260 882 3320 consul
904 3260 941 3325 V·
958 3261 993 3324 C.
1008 3263 1083 3341 754.
1111 3264 1193 3328 Cum
1348 3266 1388 3327 L.
1410 3266 1610 3334 CAESARI.
1630 3268 1837 3337 Avuvs'rt.
1858 3268 1897 3335 Ρ.

449 3358 630 3418 seeundum
651 3353 751 3419 verba
774 3356 921 3438 ejusdem
942 3362 1113 3425 murmuris
1139 3385 1194 3428 eo·
1266 3380 1273 3385 '
1471 3371 1650 3439 AVGVRI.
1674 3372 1771 3439 COS.

449 3458 525 3520 deus
547 3456 646 3520 modo
667 3469 773 3519 autum
794 3456 895 3521 fuerit
916 3480 990 3522 uum
1009 3461 1110 3525 fratre
1127 3456 1192 3527 Lu·
1488 3470 1756 3536 DESIGNATO.
1794 3538 1798 3543 ,

450 3558 523 3634 uio,
550 3556 643 3641 isque
665 3573 758 3622 natus
780 3558 822 3621 sit
839 3560 879 3626 V.
895 3560 1028 3645 (2737,
1055 3581 1192 3629 neeesse
1372 3570 1876 3642 PtttttctP1.1vaNTvt¹18.

332 3752 340 3763 „
450 3671 501 3725 est
515 3679 593 3721 eum
609 3658 813 3743 designatum
827 3664 997 3727 consulem
1012 3665 1053 3733 V.
1067 3666 1105 3730 C.
1117 3669 1191 3749 751,
1252 3668 1368 3753 quibus
1383 3672 1466 3737 udde
1482 3695 1643 3738 marmora
1659 3676 1720 3739 alis
1733 3673 1858 3739 ibidem
1873 3692 1996 3758 propo·
2108 3732 2109 3753 ,

229 3824 238 3839 ,
359 3809 365 3819 ‚
449 3761 506 3827 vel
525 3781 568 3823 ex
586 3777 696 3826 mente
716 3762 838 3825 Norisii
856 3766 935 3846 752,
960 3780 1061 3850 utque
1081 3787 1122 3830 ex
1142 3788 1194 3831 us·
1252 3771 1313 3835 sita
1332 3792 1406 3835 cuns
1425 3772 1541 3839 iisdem
1560 3776 1672 3841 titulis.

451 3860 528 3927 dem
548 3862 625 3946 lege
647 3864 868 3948 magistratum
888 3866 987 3931 iniret
1004 3869 1046 3935 V.
1064 3870 1100 3934 C.
1119 3871 1193 3953 757,
1314 3876 1447 3937 Hastam
1475 3888 1510 3940 et
1538 3878 1690 3963 clypeum
1713 3890 1854 3963 uterque
1874 3876 1994 3939 Caesar
2108 3868 2109 3927 ἒ

450 3976 566 4047 atquo
582 3964 687 4028 minus
705 3965 740 4031 it
757 3964 865 4045 fieret,
881 3982 987 4034 morte
997 3984 1193 4053 praeventus
1251 3986 1353 4040 tenet.
1397 3978 1579 4063 Vtrumque
1612 3999 1777 4042 armorum
1815 4000 1918 4061 genus
1954 3976 1994 4041 ab

448 4077 511 4131 est.
1253 4076 1369 4143 ordine
1396 4080 1541 4164 equestri
1569 4100 1748 4164 accepere,
1778 4100 1854 4145 unm
1874 4078 1994 4165 prinoi-
2108 4088 2109 4173 J

512 4163 716 4249 Plttttcspes
742 4168 991 4237 tvvutttmts.
1029 4172 1127 4235 Hune
1153 4172 1194 4236 iis
1251 4197 1311 4260 pes
1346 4179 1523 4258 juventutis
1559 4182 1714 4265 appellati
1749 4194 1832 4247 sunt.
1874 4182 1994 4247 Narrat

450 4268 612 4331 honorem
630 4266 797 4346 tributum,
814 4268 975 4346 historici,
993 4270 1093 4350 numi,
1111 4293 1194 4335 mar·
1249 4279 1314 4343 Dio
1335 4278 1376 4363 ὓς
1399 4282 1469 4365 Csji
1482 4297 1516 4347 et
1529 4284 1624 4347 Lucii
1638 4284 1702 4353 vitu
1716 4286 1905 4349 functorum
1919 4306 1994 4367 pur·

449 4388 541 4433 mora
566 4366 686 4432 affatim
708 4383 877 4435 testantur.
903 4373 941 4432 ln
963 4371 1040 4452 Cajo
1063 4385 1192 4457 tempus
1251 4402 1322 4463 mus,
1338 4384 1511 4463 ethaeros,
1527 4390 1994 4469 numerumnunerum,

451 4469 565 4534 definit
590 4472 753 4549 Zonaras,
784 4470 903 4557 facturn
930 4472 1083 4537 nimirum
1105 4474 1192 4539 istud
1250 4502 1323 4543 curn
1343 4486 1472 4548 visitem
1491 4496 1604 4569 togam
1620 4502 1803 4567 sumerent,
1830 4510 1992 4573 ucuepere,

454 4618 1996 4657 -——-—--—-—----------..-......................

485 4698 515 4768 a)
534 4698 690 4760 AnnL.1.
710 4713 773 4770 ns.
867 4700 1136 4781 b)inAnq.c.6t.
1210 4710 1259 4782 e)
1280 4706 1352 4767 Cen.
1367 4708 1441 4769 Piss.
1455 4708 1509 4769 dis.
1523 4712 1559 4773 11.
1576 4724 1637 4777 ns.
1725 4710 1760 4785 u)
1780 4714 1991 4773 sustantes.

448 4787 479 4857 e)
499 4796 639 4864 sse-sss·
654 4798 691 4856 s:
767 4789 917 4862 onst·
933 4796 1013 4865 tn.
1154 4784 1161 4801 ‘
