4267 5500
669 557 675 562 ’
717 577 770 662 Μ..
802 575 1121 662 auronius
1230 571 1234 578 ¹

146 741 261 806 tunium
284 739 497 822 transivisse,
527 743 598 828 ejus
622 745 732 830 copias
745 747 884 815 naribus

145 857 250 909 contra
271 845 451 910 Caesarem
471 847 710 928 transvexisse,
738 865 886 936 accepta·

146 965 202 1044 qpe
231 948 404 1032 provincia
433 949 528 1033 Syria
551 951 667 1034 paullo
694 965 768 1034 post
789 953 823 1014 in
846 974 885 1018 ea

145 1062 321 1126 munuum,
355 1071 440 1136 qnae
463 1051 570 1116 omnia
591 1053 785 1118 testimoniis
804 1057 885 1120 Dio·

143 1152 187 1215 nis
207 1165 241 1215 et
261 1152 405 1236 Appiani
426 1153 636 1238 comprobata
655 1169 748 1240 putat
766 1157 806 1239 ι).
821 1217 824 1222 ,
840 1157 885 1222 At

143 1275 330 1340 perperam:
351 1254 471 1319 falsum
493 1257 596 1333 enim,
624 1270 679 1320 aut
699 1271 791 1323 certe
812 1259 883 1322 nul·

142 1357 173 1422 lo
191 1370 326 1422 auctore
348 1357 483 1440 probari
499 1372 625 1442 potest,
648 1359 802 1424 Bibulum
825 1383 884 1425 un·

146 1479 234 1544 quam
249 1461 382 1524 Caesari
401 1460 597 1526 adhaesisse.
619 1461 701 1540 Diu,
724 1465 779 1549 qui
795 1467 835 1532 V.
846 1466 882 1528 C.

145 1582 202 1645 psa
232 1563 429 1648 permissum
453 1586 472 1627 a
496 1563 634 1626 Caesare
662 1565 728 1628 suis
751 1567 791 1628 ad
816 1568 885 1629 An-

144 1666 263 1730 tonium
298 1665 470 1728 transitum
505 1680 683 1743 memorat,
727 1668 810 1732 nihil
840 1668 883 1732 de

147 1767 400 1853 trmrgressoad
413 1767 590 1830 Antonium
602 1768 722 1832 Bibulo
741 1790 884 1853 pronun-

150 1873 223 1948 ciat,
266 1889 365 1956 quem
393 1883 503 1934 tamen
528 1871 644 1933 Dionis
668 1873 779 1936 locum
808 1872 886 1936 citat

150 1973 196 2036 rin
218 1972 375 2040 cruditus.
411 1972 551 2056 Appiani
565 1973 666 2037 verba
678 1973 821 2057 pessime
836 1972 885 2035 in·

152 2075 274 2140 tellecta
289 2076 498 2140 Mazauleno.
529 2077 648 2138 Iseum
663 2075 697 2136 in
714 2074 793 2139 actis
809 2074 885 2139 anui

152 2176 191 2244 V.
203 2179 236 2240 C.
247 2201 306 2262 7¹¹
335 2177 460 2259 aliquot
473 2179 622 2262 exempla
639 2190 822 2242 enarrasset
837 2176 884 2243 vi·

151 2300 254 2342 rorum
275 2278 467 2356 illustrium,
499 2280 555 2363 qui
566 2303 590 2343 a
604 2279 727 2346 lIlviris
739 2280 884 2364 proscri-

150 2383 194 2464 pti
205 2382 364 2466 insperato
378 2381 517 2444 salutem
532 2383 711 2466 reperere,
737 2380 823 2445 haec
840 2379 882 2446 de

149 2483 258 2546 Bibulo
283 2485 362 2546 item
395 2484 581 2568 proscripto
601 2483 701 2547 tradit
721 2477 771 2566 ¹³)=
807 2505 900 2550 eum.

149 2605 211 2646 unu
223 2605 294 2648 eum
312 2586 465 2648 Messala
474 2588 517 2648 in
536 2588 685 2668 gratiam
701 2595 883 2668 receptum,

150 2697 181 2746 et
202 2687 297 2752 classi
307 2687 514 2771 praestatum
529 2689 571 2750 ab
583 2689 748 2765 Antonio,
771 2685 885 2749 co'ndi·

152 2792 268 2853 tiorum
292 2792 389 2873 pacis
409 2792 499 2852 turer
522 2791 731 2867 Antonium,
764 2788 884 2852 Caesu-

155 2910 273 2970 remque
286 2884 506 2974 saepefatus
521 2893 776 2967 internuntium,
793 2893 884 2955 deni·

154 3008 210 3067 que
233 2992 348 3071 Syriae
375 2994 418 3055 ab
434 2992 588 3077 Autonip
612 2994 818 3075 praefectum
845 2994 883 3053 irs

154 3090 212 3152 boe
221 3094 391 3173 prouincia
399 3106 577 3157 mortuum.
597 3093 687 3155 Nihil
699 3092 882 3175 hicAppia-

154 3214 207 3283 nps
221 3194 259 3256 de
273 3193 392 3256 Bibulo
408 3194 539 3257 Caesari
558 3193 775 3272 adhaerente,
797 3192 883 3276 nibil

154 3292 193 3356 te
209 3316 246 3359 eo
261 3295 300 3359 ad
316 3295 496 3358 Antonium
512 3276 728 3381 trarisgresso,
746 3295 829 3359 nihil
842 3294 884 3359 de

154 3394 248 3461 ducds
269 3390 365 3463 abeo
380 3399 422 3467 V.
439 3400 548 3481 C.7ua
572 3413 686 3463 contra
711 3398 885 3461 Caesarem

151 3498 243 3582 copiis
268 3498 525 3578 commemorat3
574 3501 652 3585 quin
680 3512 719 3563 ut
743 3498 885 3583 Appiani

150 3600 242 3667 rerba
256 3602 446 3686 accipienda
462 3603 594 3667 omnino
612 3614 697 3679 sunt,
713 3614 812 3684 patet,
828 3599 884 3661 Bi·

147 3700 249 3767 bulum
285 3703 363 3766 inde
393 3704 434 3767 ab
463 3724 548 3767 anno
583 3706 626 3774 V.
642 3706 776 3785 C.711,
815 3722 881 3786 quo

148 3805 261 3870 lllriris
274 3804 506 3870 reconciliatus
524 3820 590 3885 est,
615 3818 802 3870 constanter
815 3805 882 3867 An·

146 3909 229 3971 tonio
248 3907 390 3972 adfixum
413 3908 448 3969 in
470 3907 541 3991 ejus
561 3906 625 3971 fide
638 3907 679 3969 ad
695 3920 877 3970 extremum

144 4028 374 4091 perseverasse.
417 4010 605 4073 Absortium
632 4021 804 4093 praeterea
833 4007 880 4075 vi·

144 4110 213 4175 deri
237 4112 356 4197 possit,
386 4112 414 4175 si
436 4112 583 4175 Caesaris
605 4110 666 4175 luit
686 4110 824 4173 Bibulus
845 4109 881 4172 in

145 4214 250 4279 Sicilia
284 4215 484 4299 proconsul,
526 4234 602 4285 aum
631 4214 880 4298 proconsulatus

148 4316 194 4377 sni
220 4318 324 4380 manis
345 4331 443 4399 caput
464 4336 529 4378 non
551 4315 717 4394 Caesaris,
753 4314 806 4377 eui
828 4336 882 4399 pa7

146 4420 225 4497 ruit,
246 4420 303 4483 sed
325 4420 460 4483 Antonii
480 4418 577 4487 alieni
595 4417 702 4501 potius
722 4414 882 4479 intulisse.

149 4524 201 4597 At,
232 4522 376 4606 inquies,
417 4519 445 4583 ai
464 4520 602 4585 Bibulus
622 4540 688 4582 non
709 4516 770 4581 fuit
790 4538 884 4601 prae·

149 4624 246 4687 lectus
266 4624 432 4699 Caesaris,
460 4623 514 4685 cui
535 4621 641 4706 paruit
663 4620 790 4697 Sicilia,
821 4616 897 4713 snite

189 4832 216 4898 a)
231 4828 296 4906 Peg.
310 4842 361 4893 1ῗῦ
376 4847 439 4907 seq
514 4829 549 4901 b)
569 4828 601 4884 B.
618 4828 651 4887 C.
666 4827 697 4884 L.
712 4827 761 4885 Ν.
777 4844 803 4883 c.
814 4835 859 4891 38.

1644 600 1686 678 61

941 762 1050 814 autem
1070 748 1257 834 praelectus
1274 752 1426 832 Antonii,
1452 756 1498 821 ad
1519 779 1618 846 quem
1639 761 1689 824 Si·

941 850 1016 916 cilia
1031 873 1098 934 non
1115 853 1302 936 pertinuit,
1321 856 1395 943 quis
1410 857 1530 925 deiude
1551 862 1616 926 erit
1630 863 1691 927 hu·

941 954 992 1036 jus
1023 954 1118 1016 numi
1152 955 1356 1038 explicatus?
1398 960 1562 1044 Opinare‚
1599 966 1691 1028 numi

943 1056 1147 1140 epigraphen
1175 1060 1261 1122 male
1294 1082 1313 1123 a
1341 1060 1518 1128 Vaillantio
1549 1067 1689 1146 lectam,

943 1159 1168 1242 quodlactum
1186 1180 1283 1244 saepe
1301 1161 1396 1240 alias,
1413 1165 1538 1229 sublata
1556 1181 1606 1232 est
1623 1189 1692 1232 om·

940 1259 991 1324 nis
1019 1257 1205 1327 difficultas,
1247 1262 1329 1345 Ejus
1361 1285 1445 1331 sero
1460 1267 1620 1350 opinandi
1640 1292 1691 1336 ra·

940 1360 987 1424 tio
1006 1382 1073 1426 uon
1094 1363 1249 1447 simplex,
1281 1367 1306 1429 Ι.
1322 1388 1457 1445 numus,
1489 1371 1523 1432 iu
1543 1392 1610 1456 quo
1631 1373 1688 1435 Bi·

940 1461 1036 1526 buius
1071 1463 1190 1528 dicitur
1209 1469 1391 1550 ,proconsul
1420 1469 1570 1548 Siciliae,
1600 1493 1692 1538 ane·

940 1565 1027 1628 mine
1053 1566 1117 1630 alio
1147 1568 1253 1631 editus
1274 1569 1450 1652 reperitur.
1493 1575 1580 1654 Eum
1602 1577 1694 1645 Vail·

940 1667 1057 1730 lantius
1074 1667 1151 1733 citat
1168 1691 1214 1732 ex·
1226 1691 1340 1735 museo
1369 1671 1465 1756 regio
1487 1676 1536 1756 c-).,
1569 1697 1607 1740 ac
1620 1676 1692 1741 tum

942 1767 1078 1846 mirum,
1121 1771 1289 1835 cimelium
1316 1777 1383 1835 tam
1415 1795 1528 1838 rarum
1565 1779 1692 1863 fugisse

941 1869 1090 1934 Morellii
1107 1871 1142 1932 in
1158 1873 1387 1957 ,perquirendo
1407 1874 1609 1946 industriam.
1647 1884 1690 1950 ΙΙ.

941 1970 1070 2047 nullum
1102 1973 1201 2038 alind·
1218 1974 1296 2038 nori
1321 1978 1510 2061 exemplum
1530 1979 1565 2042 in
1587 2002 1689 2049 numo

942 2092 1001 2136 sau
1023 2074 1157 2152 Latine,
1179 2095 1238 2140 sen
1260 2076 1387 2141 Graece
1412 2078 1588 2163 inscripto,
1613 2103 1690 2167 pro·

936 2175 1122 2254 consulem,
1140 2197 1199 2239 seu
1213 2193 1462 2262 propraetorem
1476 2181 1688 2267 adscripsisse

937 2295 1062 2342 nomen
1083 2278 1293 2361 provinciae,
1322 2281 1440 2365 inqua
1465 2284 1688 2367 magistratum

942 2379 1060 2460 gessit,
1083 2391 1118 2440 ut
1135 2379 1167 2441 in
1183 2396 1361 2464 praesente
1375 2384 1505 2448 PROC.
1523 2385 1600 2451 SIC.
1622 2389 1690 2451 De·

939 2479 1040 2563 nique
1057 2482 1112 2546 ΙΙΙ.
1130 2481 1261 2547 ridetur
1274 2504 1392 2546 numus
1406 2483 1460 2547 hic
1480 2486 1618 2550 eandem
1634 2489 1690 2553 ha·
1761 2477 1769 2484 ’ί

938 2579 1023 2647 here
1039 2580 1298 2664 inscriptionem,
1317 2605 1411 2669 qaam
1423 2587 1569 2671 praefert
1579 2591 1689 2653 Theu-

937 2682 1108 2767 polianus,
1132 2704 1230 2769 quern
1249 2685 1283 2746 in
1300 2686 1411 2749 Bibuli
1434 2689 1541 2753 numia
1561 2705 1689 2775 postre-

940 2806 1029 2847 mum
1045 2785 1213 2870 proposui,
1231 2787 1344 2873 inquo
1361 2790 1389 2851 is
1403 2789 1522 2853 dicitur
1537 2793 1689 2857 Pane.

941 2886 1037 2963 s1G.‚
1067 2907 1129 2970 pro
1153 2908 1218 2971 quo
1234 2888 1427 2955 Vaillantiua
1447 2891 1545 2955 facile
1570 2892 1686 2978 legere
1767 2949 1770 2955 Δ

939 3002 1068 3073 poterat
1082 2989 1212 3057 PROC.
1225 2991 1303 3055 SIC.

1004 3092 1057 3151 Ex
1079 3088 1130 3151 his
1152 3112 1254 3174 ergo,
1281 3108 1363 3175 quae
1385 3088 1485 3154 modo
1507 3090 1687 3175 disputavi,

941 3212 1145 3276 nequaquam
1183 3191 1346 3277 sequitur,
1386 3194 1625 3275 agnoscendam
1653 3196 1689 3257 id
1776 3198 1788 3244 Γ

941 3293 994 3355 his
1023 3294 1131 3357 numia
1162 3294 1333 3358 Octaviam
1361 3308 1559 3378 propterea,
1597 3296 1690 3380 quod

942 3414 1009 3457 nou
1039 3394 1139 3459 modo
1168 3396 1327 3481 temporis
1348 3396 1448 3474 ratio,
1484 3417 1550 3480 quo
1571 3398 1690 3482 signati

941 3496 977 3557 hi
997 3498 1104 3575 numi,
1144 3498 1203 3561 sed
1228 3512 1263 3561 et
1283 3510 1454 3581 praetores
1474 3499 1640 3578 Caesaris,
1668 3525 1689 3566 a

941 3597 1066 3681 quibus·
1080 3600 1149 3663 cusi
1169 3600 1203 3661 in
1226 3600 1337 3663 Sicilia
1358 3598 1570 3678 ferebantur,
1592 3603 1689 3667 Cleo·

939 3715 1064 3784 patrum
1092 3715 1225 3786 cogant!
1241 3701 1388 3764 inficiari.
1431 3703 1574 3786 Reliqua
1603 3724 1687 3788 ergo

939 3801 1114 3887 disputatio
1137 3804 1308 3868 adsultus
1336 3803 1549 3882 lineamenta,
1579 3818 1613 3868 et
1635 3827 1688 3869 ea·

937 3905 1014 3989 pitis
1051 3906 1178 3969 cultum
1203 3904 1302 3970 redit.
1354 3906 1415 3967 His
1447 3905 1483 3967 in
1513 3908 1688 3971 consilinm

936 4007 1059 4073 vocatis
1080 4007 1228 4070 adiirmat
1248 4007 1542 4086 Maazclenus,1.,
1563 4009 1683 4075 faciem

938 4108 1135 4171 muliebrem
1160 4110 1194 4171 in
1221 4109 1273 4171 his
1297 4109 1404 4173 numia
1429 4110 1568 4173 multum
1595 4113 1684 4176 ablu·

939 4209 1020 4273 dere
1042 4210 1083 4274 ab
1105 4232 1164 4288 ea,
1193 4232 1289 4295 quam
1310 4211 1345 4273 iu
1359 4212 1465 4276 certis
1488 4214 1682 4297 Cleopatrae

938 4313 1044 4375 numis
1066 4312 1251 4389 intuemur,
1281 4312 1322 4378 ΙΙ.
1343 4312 1379 4375 in
1401 4312 1550 4377 omnibus
1570 4315 1605 4376 id
1627 4336 1684 4399 ge7
1752 4306 1762 4315 ⁴
1850 4300 1855 4308 .

939 4435 1000 4477 nus
1021 4414 1146 4491 numia,
1181 4412 1237 4499 qai
1258 4414 1321 4476 sibi
1341 4412 1384 4476 ob
1406 4414 1520 4505 oculos
1541 4436 1685 4494 venere,

939 4538 1103 4602 nunquam
1118 4515 1193 4601 ‚sibi
1224 4528 1321 4598 caput
1349 4515 1433 4577 illud
1455 4516 1617 4582 muliebre
1641 4520 1689 4584 vi·

942 4640 1012 4680 sum
1036 4618 1218 4683 diademate
1238 4615 1432 4682 revinctum.
1459 4618 1524 4685 Vni
1546 4639 1628 4705 ergo
1650 4621 1687 4682 in

936 4828 967 4898 c)
987 4826 1060 4884 Hist.
1074 4824 1149 4883 Ptol.
1165 4846 1195 4903 p.
1205 4836 1267 4899 197.
