4267 5500
374 560 494 680 ‘ur
956 581 1443 659 ruaursrro.

413 764 522 891 quae'
539 796 681 863 veram
699 776 913 853 monetam
931 790 955 845 a
979 760 1333 849 contomiatorum
1352 758 1553 847 sordibus
1569 760 1833 850 discriminet
1862 763 1968 848 Fac·

412 924 502 998 turn
532 910 660 995 etiam
687 929 1008 1015 nonnunquam,
1046 914 1106 985 ut
1124 879 1376 986 adderentur
1407 902 1626 987 observata
1650 900 1770 1009 falsa,
1814 900 1967 1015 quihus

394 1062 526 1134 caret
552 1045 686 1161 prima
713 1039 848 1127 editio.
888 1038 956 1125 Sic
974 1066 1065 1151 pag.
1077 1044 1164 1127 315
1181 1040 1292 1153 legas
1316 1038 1543 1128 monitum:
1580 1034 1717 1120 Numi
1734 1030 1975 1148 Elagodoii

413 1209 510 1266 cum
524 1180 609 1263 TR.
632 1179 677 1262 P.
700 1174 744 1259 V.
759 1176 870 1260 COS.
886 1170 961 1263 llll.
986 1176 1061 1253 vel
1073 1173 1286 1276 mendosi,
1313 1173 1390 1273 ael
1411 1170 1646 1258 adulterim·
1661 1191 1887 1287 putantur,
1918 1178 1976 1263 de

411 1316 801 1441 quorum'dubitare
819 1309 1046 1415 nurnorum
1064 1315 1263 1423 veritate,
1292 1317 1365 1431 qui
1383 1316 1495 1403 obvii
1515 1311 1634 1426 s'unt,
1659 1333 1874 1405 auctorem
1900 1348 1970 1405 ar-

395 1450 400 1521 ἶ
411 1462 500 1577 guit
517 1486 621 1544 sane
642 1454 898 1569 imperitum.
920 1452 1112 1567 Denique
1134 1455 1329 1567 exiguam
1346 1453 1488 1539 hercle
1509 1483 1535 1537 a
1558 1456 1676 1541 nobis
1699 1455 1867 1543 editor
1853 1457 1976 1545 inivit

391 1598 623 1735 ·gratiam,
642 1592 806 1707 quando
831 1591 995 1677 intactis
1009 1591 1199 1675 auctoris
1227 1618 1294 1674 sur
1281 1590 1473 1676 mendis
1494 1622 1579 1679 non
1601 1596 1763 1681 curavit
1788 1594 1975 1681 inserere

410 1763 559 1819 munos
587 1729 980 1886 praestantissimos,
1011 1728 1084 1842 qui
1110 1728 1208 1812 inde
1240 1756 1265 1811 a
1292 1727 1461 1841 vidgato
1491 1700 1753 1825 MediobarBi
1782 1732 1973 1847 catalogo

409 1873 548 1958 lucem
565 1868 731 1977 videre,
759 1865 902 1951 avitis
905 1858 1182 1973 illustribus,
1211 1860 1438 1950 Morellio
1425 1890 1470 1949 ur
1475 1867 1747 2007 specimine,
1773 1868 1976 1979 llaymio,

410 2005 642 2114 Bandurio,
670 1994 844 2117 aliisque
863 2033 961 2087 cum
983 2001 1147 2088 erudito
1172 2004 1273 2088 orbe
1302 1989 1609 2101 communicati.
1639 2004 1708 2089 Ex
1736 2032 1819 2117 quo
1848 2034 1976 2120 appa-

254 2154 258 2166 '
410 2159 498 2252 ret,
529 2171 655 2257 quam
679 2140 812 2226 futilia
838 2141 919 2226 sint
936 2140 1007 2223 illa
1025 2140 1247 2253 promissa,
1278 2140 1385 2253 quae
1403 2141 1620 2253 Argelatus
1645 2142 1691 2227 in
1709 2142 1974 2227 Mediobarbi

394 2287 401 2365 .’
410 2310 476 2375 sur
462 2278 671 2365 redivivi
696 2279 842 2363 fronte
858 2291 975 2363 tanto
994 2306 1094 2362 cum
1115 2277 1234 2362 hiatu
1251 2277 1396 2362 lectori
1418 2279 1635 2391 exposuit,
1665 2307 1876 2393 quamque
1896 2308 1974 2392 pa-

395 2448 507 2505 rum
529 2445 639 2505 novo
668 2415 750 2501 hoc
781 2418 980 2529 apparatu
1007 2412 1297 2557 promovendis
1320 2415 1518 2501 scientiae
1546 2429 1712 2503 nostrae
1737 2417 1971 2503 commodis

366 2574 383 2589 ‘
411 2556 649 2643 constdtum
672 2551 805 2640 fuerit

389 2738 399 2810 j
454 2692 606 2780 Νοιι
614 2688 813 2808 majorem
827 2692 1099 2780 Medioharho
1122 2693 1247 2782 iidem
1276 2707 1490 2782 merentur
1514 2693 1568 2803 ii,
1607 2693 1681 2809 qui
1707 2718 1855 2780 numos
1878 2694 1969 2776 Au-

410 2845 626 2948 gustonrm
642 2843 741 2915 aut·
755 2857 808 2915 ex
840 2827 1068 2946 corruptis,
1109 2846 1183 2918 aut
1217 2833 1363 2921 saltem
1391 2831 1514 2921 valde
1544 2831 1746 2946 suspectis
1779 2831 1967 2917 sontibus

397 2972 615 3077 -haus'ene,
633 2967 827 3054 videlicet
858 2997 911 3054 ex
941 2970 1130 3076 Goltzio,
1159 2970 1317 3081 Pyrrho
1344 2969 1535 3085 Ligorio,
1563 2970 1737 3079 lacobo,
1766 2983 1811 3055 et
1840 2972 1970 3055 Octa-

395 3110 475 3196 ,vio
497 3109 550 3194 de
568 3106 738 3213 Strada,¹
765 3119 807 3192 at
830 3107 1055 3214 similibuS,
1085 3135 1188 3220 quos
1208 3108 1317 3193 inter
1338 3106 1456 3192 irrere
1470 3107 1736 3194 Sebastianus
1755 3107 1967 3212 Erizzus,

408 3247 580 3332 Carolus
600 3245 770 3327 Patinus
798 3244 843 3326 in
860 3244 1057 3328 Suetonio
1083 3272 1181 3351 suo,
1210 3244 1442 3330 loachimus
1462 3246 1716 3353 Oudaanus,
1747 3259 1791 3331 et
1812 3243 1884 3359 qui
1916 3245 1962 3327 in

405 3382 531 3498 hujus
567 3379 729 3466 tabulas
762 3392 1064 3465 commentatus
1095 3394 1180 3488 est,
1215 3382 1387 3466 lacobus
1414 3383 1617 3491 Oiselius,
1666 3384 1818 3499 quibus
1856 3379 1967 3464 adde

395 3518 527 3603 .lVros
559 3517 754 3604 loannem
781 3515 1086 3625 Hemelarium,
1126 3519 1345 3604 Albertum
1372 3519 1637 3629 Rubenium,
1674 3520 1872 3607 Iacobum
1898 3517 1970 3601 Bi-

333 3717 337 3730 .
397 3684 545 3765 haeum,
571 3655 1089 3770 Laurentiumssegerum,
1118 3656 1190 3768 qui
1212 3683 1376 3765 numos,
1400 3671 1451 3742 ut
1477 3659 1610 3776 ajunt,
1638 3687 1665 3742 a
1682 3660 1831 3745 Carolo
1857 3658 1969 3746 duce

393 3796 593 3904 ,ctoyaco
637 3808 681 3879 et
716 3793 1214 3906 Arschotanocongestos,
1251 3792 1439 3901 edidere,
1479 3796 1591 3911 quod
1625 3795 1836 3882 adserttun
1862 3797 1970 3882 mihi

395 3931 531 4046 ‚plane
552 3930 743 4015 mirabile
768 3930 958 4039 videtur,
983 3930 1181 4044 quia'hos
1199 3931 1308 4018 inter
1332 3933 1484 4018 multos
1510 3935 1690 4048 reperias
1714 3961 1830 4020 mere
1851 3935 1971 4046 Golt-

397 4070 563 4154 nimos
590 4071 727 4181 Atque
742 4048 1048 4180 horumopera
1071 4080 1186 4153 tanto
1211 4070 1380 4183 pronius
1406 4085 1579 4185 possunt
1613 4071 1869 4177 intrandam
1903 4073 1970 4158 in-

410 4205 589 4314 ducere,
616 4205 713 4317 quia
740 4205 967 4291 omiserunt
988 4203 1164 4313 indicia,
1193 4207 1344 4319 quibus
1363 4237 1578 4322 possemus
1602 4212 1796 4296 certiores
1820 4211 1969 4318 reddi,

396 4371 509 4455 ‚tpros
533 4371 683 4427 numos
694 4341 873 4428 viderint
895 4340 989 4453 ipsi,
1019 4368 1122 4454 quos
1146 4328 1356 4452 aliorsrun,
1384 4362 1428 4433 et
1450 4375 1475 4430 a
1497 4349 1650 4461 quibus
1673 4347 1756 4432 sint
1777 4347 1968 4451 mutuati,

197 4593 200 4604 ἱ
250 4545 257 4562 ,
409 4478 477 4562 Sic
504 4511 542 4565 v.
558 4510 592 4565 c.
622 4477 879 4597 ignorarem,
917 4475 1030 4562 unde
1059 4478 1291 4572 Oudaanus
1322 4509 1417 4569 suos
1447 4484 1632 4570 hauserit
1669 4512 1840 4593 numos,
1889 4487 1971 4568 uisi

346 4692 353 4706 ,
407 4614 582 4703 Oiselius
603 4633 753 4702 ‘eorum
776 4616 976 4727 interpres
1001 4605 1046 4697 in
1067 4616 1320 4726 praelatione
1342 4619 1568 4738 dejeraret,
1597 4651 1651 4707 ex
1671 4623 1971 4734 probatissimis
1995 4602 2003 4623 ²

406 4742 496 4836 ‘utos
521 4751 601 4837 fide
633 4755 853 4870 dignorum
883 4752 1211 4866 antiquariorum
1241 4759 1433 4867 operibus
1469 4761 1595 4876 fuisse
1618 4761 1825 4867 selectos,
1865 4791 1971 4874 quos
