4267 5500
499 611 570 678 520
1162 552 1389 666 sartan}

502 778 597 826 mane
619 755 787 842 ingenium
808 753 1016 839 pertulisset,
1047 767 1081 815 et
1103 752 1247 813 elabora·
1303 746 1423 812 Sabina
1435 743 1523 810 bunc
1544 745 1707 810 boumont
1725 765 1791 809 noa
1814 749 1971 811 martur
1992 773 2044 834 rp-

501 863 606 939 rirre,
631 881 675 923 ne
695 877 795 922 exeo
814 856 854 920 ad
872 854 1005 920 humani
1023 853 1155 936 generis
1173 871 1248 935 per·
1302 848 1468 934 petiverit.
1495 847 1584 910 Huic
1609 845 1819 932 disputationi
1840 849 1949 914 lucem
1968 873 2043 937 quo

500 961 622 1025 niciem
664 958 798 1046 gravida
837 957 936 1021 fieret
962 956 1002 1037 ¹).
1061 955 1246 1038 Derperato
1304 969 1368 1034 que
1393 949 1552 1014 adinndet
1579 969 1695 1015 namur
1722 950 1912 1028 Tarrcnrir,
1947 973 2042 1036 quem

500 1062 671 1147 utriusque
691 1078 854 1125 concentu
874 1053 914 1120 ad
935 1069 1118 1120 extremm
1143 1075 1246 1138 prope
1303 1051 1390 1114 intra
1405 1050 1568 1126 dabimnr‚
1590 1065 1625 1114 et
1638 1053 1860 1116 conrnlendnr
1874 1053 1971 1116 etiam
1985 1078 2042 1116 nn·

500 1161 676 1230 rerrilibur
694 1182 713 1225 a
734 1159 854 1224 marito
873 1157 1000 1242 injuriis
1019 1156 1164 1229 adiecta,
1189 1154 1246 1220 de·
1304 1173 1376 1217 mua
1395 1153 1422 1214 l.
1447 1153 1616 1217 commatir
1642 1154 1793 1220 Romani.
1836 1155 1935 1218 Numi
1958 1157 2043 1218 Sabi·

496 1263 599 1351 nique
618 1261 660 1328 ad
678 1273 819 1331 mortem
841 1257 1056 1327 voluntariam
1078 1259 1245 1342 compulsa
1302 1273 1363 1318 nne
1379 1252 1593 1318 Alexandrini
1614 1257 1726 1318 certae
1744 1253 1824 1318 fidei
1843 1277 1964 1321 annum
1984 1259 2044 1340 pi-

499 1379 551 1432 ert
574 1363 626 1446 b),
656 1383 724 1428 non
754 1363 824 1428 eine
853 1360 962 1426 sabula
991 1360 1155 1446 propinati
1183 1377 1246 1444 per
1302 1377 1392 1418 mam
1409 1355 1486 1420 dant
1501 1351 1575 1432 ῙΓ.,
1601 1355 1666 1421 boc
1682 1357 1832 1441 priorem
1845 1358 1989 1423 nondum
2004 1361 2047 1420 ri·

500 1465 664 1532 occultum
692 1464 821 1529 veneni.
859 1463 913 1525 Ex
941 1463 1050 1528 verbir
1082 1458 1245 1545 Spartiani
1303 1454 1429 1535 dimnr,
1463 1472 1500 1521 ut
1518 1460 1557 1519 'in
1586 1459 1705 1521 borum
1734 1471 1874 1524 tractatu
1899 1461 2044 1524 diximus.

498 1564 588 1632 irtud
607 1565 782 1630 relerentir
804 1563 988 1646 colligitur,
1015 1563 1137 1627 fretum
1158 1561 1244 1624 irtud
1302 1557 1420 1643 Coepit
1440 1559 1469 1622 ir
1492 1572 1633 1625 exeunte
1662 1559 1812 1644 Augusto
1837 1561 1883 1627 V.
1899 1563 1939 1628 C.
1968 1565 2043 1638 881,

499 1669 635 1736 circiter
666 1666 800 1732 biennio
832 1669 908 1730 ante
944 1664 1053 1728 mariti
1084 1676 1243 1740 mortem;
1300 1679 1365 1744 quo
1393 1661 1565 1744 praeclare
1591 1661 1807 1726 confirmatur
1829 1661 1959 1726 initium
1984 1665 2045 1726 Aa·

499 1771 556 1838 alii
576 1771 680 1833 multo
702 1766 823 1833 arctior
840 1781 970 1851 tempor
987 1765 1187 1831 constituunt
1201 1771 1242 1843 c).
1299 1761 1409 1846 gurtei
1438 1761 1535 1844 hujus
1569 1762 1603 1824 in
1627 1763 1746 1828 Sabina
1771 1763 1857 1827 tituli
1886 1755 1983 1848 cupra
2008 1765 2046 1826 ati

497 1875 542 1936 Et
570 1891 651 1937 reru
680 1889 722 1932 ex
749 1889 848 1932 numo
869 1867 1116 1946 Amisenorum,
1145 1886 1244 1952 quem
1299 1861 1441 1928 eundem
1474 1883 1597 1926 annum
1628 1863 1743 1930 lirum.
1787 1863 1900 1959 Quare
1929 1866 2047 1928 frustra

501 1975 585 2038 infra
612 1971 807 2058 producam,
839 1984 874 2034 et
895 1970 1001 2034 altero
1021 1967 1246 2032 Alexandrino
1305 1965 1456 2048 Scaliger
1478 1965 1660 2029 Euaebium
1681 1967 1717 2028 in
1742 1965 1860 2032 Sabina
1882 1967 2044 2051 Augustae

500 2096 576 2142 eum
596 2091 682 2137 anno
702 2071 790 2150 RA.,
818 2071 944 2159 liquet,
974 2053 1050 2134 eam
1067 2071 1103 2132 in
1123 2085 1248 2134 autum·
1305 2066 1452 2150 elogium
1472 2062 1684 2131 dittrmtrm
1704 2066 1855 2146 vellicet,
1885 2067 2045 2144 adron-ens,

499 2199 545 2243 no
565 2177 609 2244 V.
626 2175 663 2242 C.
683 2173 768 2257 889,
786 2174 938 2238 nimirum
959 2174 1065 2239 altore
1087 2185 1162 2236 ente
1182 2171 1249 2235 Ha·
1304 2165 1389 2240 illud
1407 2179 1600 2252 competere
1618 2170 1795 2248 uxor-ibor,
1818 2168 1919 2234 rimul
1933 2189 1972 2235 ae
1988 2191 2047 2233 ma·

502 2275 608 2340 driani
636 2296 807 2340 etcertum
836 2297 922 2340 anno
947 2277 1053 2342 adbuc
1075 2269 1177 2338 iniere
1197 2294 1250 2336 ru·
1307 2268 1397 2332 ritia
1411 2282 1527 2332 renato
1540 2270 1776 2358 Augurti‘dioti
1790 2287 1876 2338 arnt.

501 2379 683 2466 peratitem.
1366 2372 1404 2432 lo
1425 2369 1573 2436 ἀίιιιιιιιι
1590 2394 1765 2437 numerum
1784 2373 1887 2439 latiare
1906 2371 2048 2448 relatam,

566 2481 746 2560 Augustae
777 2477 874 2539 titulo
906 2476 1006 2540 iuirre
1036 2478 1246 2551 honoratam,
1304 2475 1509 2540 numidicae
1530 2476 1868 2542 Sabinaedocebunt.

502 2581 593 2642 numi
620 2578 726 2662 palam
755 2589 926 2642 tertantur.
963 2577 1184 2661 Hieronymur
1212 2578 1248 2638 in
1367 2563 1612 2645 Matrimonium
1626 2574 1728 2644 fulera
1743 2567 1873 2652 actile,
1894 2575 2046 2642 continuo

486 2731 488 2736 .
503 2679 684 2754 Chronico,
703 2691 737 2740 et
754 2677 942 2742 chronicon
959 2677 1110 2764 parobale
1128 2677 1247 2742 eodem
1307 2676 1459 2748 diximus.

503 2802 587 2848 anno
601 2779 802 2844 Hadrianum
823 2780 943 2844 dictum
962 2794 1094 2862 putrem
1106 2782 1250 2865 patriae,
1371 2781 1508 2865 Siquid
1528 2780 1619 2847 valet
1638 2782 1835 2865 rcriptorem
1848 2779 1953 2843 nortri
1971 2780 2052 2853 aeri,

506 2898 541 2951 et
563 2884 714 2948 Sabinam
726 2884 919 2965 Augustam
940 2895 1101 2959 rtrtuunt,
1119 2903 1252 2947 annum·
1310 2893 1345 2943 et
1367 2880 1623 2967 antiquariorum
1648 2903 1845 2959 comentur,
1874 2882 1965 2947 binas
1992 2884 2053 2943 An-

505 3005 570 3074 que
601 2984 770 3069 adsignant
798 2982 841 3051 V.
867 2984 904 3049 C.
936 2986 1010 3067 87o.
1068 2986 1252 3067 Vtrumque
1311 2996 1439 3064 gnatae,
1476 2984 1594 3070 quibua
1626 2984 1739 3049 Iuliae
1765 2984 1911 3048 Sabinae
1937 3003 2055 3047 nomen

511 3086 610 3153 etiam
628 3083 797 3169 conjungit
814 3082 970 3163 Ororiur,
1001 3086 1061 3148 red
1074 3085 1195 3149 fuctum
1214 3087 1254 3148 il·
1312 3080 1392 3159 fuit,
1426 3104 1607 3167 agnorccre
1630 3106 1805 3171 cogemur,
1832 3104 1946 3161 umm,
1975 3104 2054 3168 quae

510 3188 569 3251 lud
596 3183 776 3250 *enitendit
820 3204 896 3247 mox
931 3185 1064 3270 imperii
1094 3187 1192 3249 initio
1212 3182 1255 3268 d).
1314 3182 1376 3246 tuit
1392 3185 1459 3247 Titi
1472 3188 1558 3273 Aug.
1576 3188 1660 3265 iilia,
1686 3187 1824 3251 alterum
1838 3184 1874 3249 in
1889 3206 1954 3270 qua
1972 3206 2055 3249 nunc

505 3290 633 3359 Verum
655 3308 752 3371 ruprn
779 3288 813 3347 in
836 3285 1002 3350 Hadriano
1032 3287 1146 3365 docui,
1181 3286 1256 3369 (rub
1307 3305 1502 3368 'remanum
1537 3288 1696 3353 Hadriani
1721 3307 1872 3354 uxorem.
1914 3289 2056 3352 Demon-

506 3390 602 3453 titulo
621 3390 720 3471 patria
736 3388 877 3471 patriae)
898 3387 1155 3469 probabiliorem
1180 3409 1256 3453 erro
1313 3387 1485 3453 utrarimur
1496 3390 1533 3453 in
1551 3392 1656 3453 numia
1671 3390 1773 3454 Iuliae
1795 3390 1881 3467 Titi,
1900 3388 1980 3451 hnic
1995 3390 2056 3449 An·

510 3492 648 3555 Eusebii
673 3492 884 3567 cententiam,
918 3490 1048 3553 titulum
1079 3490 1179 3575 patrie
1201 3512 1256 3575 pa·
1314 3508 1426 3579 gurtae
1451 3515 1614 3582 nunquam
1640 3490 1742 3555 iniree
1763 3492 1908 3555 Sabinae
1923 3512 2051 3556 nomen.

507 3594 589 3659 triae
613 3592 655 3655 in
687 3602 807 3655 annum
829 3592 871 3660 V.
890 3592 926 3655 C.
955 3592 1016 3656 etr
1058 3592 1254 3671 differentia.
1311 3597 1459 3682 illudque
1484 3599 1559 3659 unia
1581 3593 1705 3657 Goltzii
1731 3592 1909 3657 mendaciir
1932 3592 2054 3661 deberi.

509 3694 658 3781 lgituria
676 3692 794 3759 Sabina
811 3714 942 3780 quoque
960 3692 1163 3759 differentior
1185 3700 1255 3759 Aa·
1312 3719 1395 3785 quae
1418 3698 1539 3763 deinde
1560 3696 1765 3761 eruditorum
1799 3694 1944 3758 omnium
1968 3714 2055 3759 com·

504 3809 627 3882 gastae
643 3797 771 3875 titulun,
794 3796 821 3861 ri
838 3796 936 3861 modo
952 3817 1067 3862 terum
1083 3810 1150 3875 ert,
1167 3798 1254 3883 quod
1311 3802 1488 3867 menter-ica
1506 3798 1668 3865 infecere.
1710 3795 1803 3861 Idem
1825 3816 1914 3860 nunc
1929 3796 1975 3861 de
1993 3798 2052 3859 He

509 3918 588 3963 rane
612 3898 793 3964 veririmile
814 3912 881 3975 ert,
917 3899 1036 3963 eodem
1067 3919 1152 3964 anno
1175 3898 1255 3963 utri·
1311 3901 1418 3967 driani
1444 3924 1549 3969 uxore
1584 3899 1761 3984 judicium,
1797 3898 1890 3983 cujor
1916 3899 2054 3962 alterum

509 4020 574 4085 que
603 4019 724 4065 norum
755 4000 841 4064 bunc
869 4000 1031 4065 bonorem
1063 4001 1252 4067 accersitae.
1310 4025 1431 4069 nomen
1447 4006 1558 4081 Iulr'ae
1570 4004 1641 4070 rolr
1652 4003 1775 4066 iterum
1784 4001 1911 4066 Goltrii
1926 4000 2055 4064 officina

508 4102 641 4171 Etenim
665 4116 853 4167 constater
879 4102 988 4167 Plinio
1003 4105 1047 4184 θ),
1076 4104 1252 4181 Plotinam,
1311 4105 1447 4171 doliarie
1471 4104 1576 4170 finxit.
1620 4106 1721 4169 Certe
1749 4104 1835 4167 illud
1851 4118 2056 4168 monumenta

510 4221 545 4270 et
578 4205 774 4271 Marcianum
810 4202 933 4269 tamdiu
971 4205 1161 4289 deprecatae
1188 4206 1254 4268 Au·
1310 4220 1461 4275 veterum
1477 4207 1595 4282 omnir,
1613 4206 1643 4269 ri
1657 4205 1757 4270 modo
1771 4205 1839 4271 lide
1858 4198 1958 4292 digna
1972 4218 2053 4275 runt,

511 4322 624 4393 gurtae
655 4307 926 4392 appellationem,
960 4306 1113 4393 quamdiu
1143 4308 1255 4390 Traja-
1313 4308 1507 4376 inficiantur.
1529 4308 1685 4393 Vulgarit
1699 4309 1883 4374 Pococlriur
1900 4309 2055 4392 epigram·

512 4432 573 4475 nur
609 4410 712 4494 patria
738 4408 863 4493 patriae
896 4429 1016 4473 nomen
1053 4424 1254 4497 recurreret,
1311 4432 1383 4489 ma,
1403 4410 1540 4497 quodin
1554 4400 1740 4476 lemnonir
1751 4432 1851 4476 crure
1863 4410 1987 4494 legitur
2000 4407 2054 4469 hn-

512 4534 648 4597 qnamm
679 4514 833 4597 exemplo
862 4524 997 4575 recente
1023 4510 1111 4578 forte
1139 4525 1173 4576 et
1197 4533 1255 4578 uer
1310 4514 1362 4597 jur
1377 4514 1560 4580 aaronitae
1578 4513 1623 4597 ἧι

548 4740 579 4809 ι)
597 4738 745 4799 Victoria
760 4736 836 4814 Epit.
911 4736 947 4809 b)
967 4736 1142 4799 Victoria.
1217 4734 1554 4818 c)‘1'illemont.p.a'50.
1627 4738 1887 4813 d)1..v11.e.15.
1961 4745 1988 4795 c*
2010 4741 2055 4797 Pa-

513 4842 580 4903 uag.
599 4836 680 4892 eet.
754 4827 1108 4905 illnrrriptautpet„
1802 4858 1810 4867 ·
