<?xml version="1.0" encoding="UTF-8"?>
<!DOCTYPE html PUBLIC "-//W3C//DTD XHTML 1.0 Transitional//EN"
    "http://www.w3.org/TR/xhtml1/DTD/xhtml1-transitional.dtd">
<html xmlns="http://www.w3.org/1999/xhtml" xml:lang="en" lang="en">
 <head>
  <title>
</title>
<meta http-equiv="Content-Type" content="text/html;charset=utf-8" />
  <meta name='ocr-system' content='tesseract 3.04.00' />
  <meta name='ocr-capabilities' content='ocr_page ocr_carea ocr_par ocr_line ocrx_word'/>
</head>
<body>
  <div class='ocr_page' id='page_1' title='image "./doctrinanumorum01steigoog/doctrinanumorum01steigoog_0229.png"; bbox 0 0 4267 5500; ppageno 0'>
   <div class='ocr_carea' id='block_1_1' title="bbox 765 597 1691 704">
    <p class='ocr_par' dir='ltr' id='par_1_1' title="bbox 765 597 1691 704">
     <span class='ocr_line' id='line_1_1' title="bbox 765 597 1691 704; baseline -0.004 -30"><span class='ocrx_word' id='word_1_1' title='bbox 765 597 1062 680; x_wconf 66' lang='lat' dir='ltr'>ttnnntvs.</span> <span class='ocrx_word' id='word_1_2' title='bbox 1622 621 1691 704; x_wconf 73' lang='lat'>193</span> 
     </span>
    </p>
   </div>
   <div class='ocr_carea' id='block_1_2' title="bbox 140 763 1712 4514">
    <p class='ocr_par' dir='ltr' id='par_1_2' title="bbox 140 763 1712 4514">
     <span class='ocr_line' id='line_1_2' title="bbox 142 763 1691 856; baseline 0.006 -25"><span class='ocrx_word' id='word_1_3' title='bbox 142 763 309 832; x_wconf 74' lang='lat' dir='ltr'>rumillei</span> <span class='ocrx_word' id='word_1_4' title='bbox 325 787 486 848; x_wconf 87' lang='lat' dir='ltr'>marmor,</span> <span class='ocrx_word' id='word_1_5' title='bbox 512 767 602 855; x_wconf 81' lang='lat' dir='ltr'>quod</span> <span class='ocrx_word' id='word_1_6' title='bbox 618 782 759 834; x_wconf 82' lang='lat' dir='ltr'>exeunte</span> <span class='ocrx_word' id='word_1_7' title='bbox 776 791 898 836; x_wconf 67' lang='lat' dir='ltr'>saecu·</span> <span class='ocrx_word' id='word_1_8' title='bbox 1009 771 1191 836; x_wconf 85' lang='lat' dir='ltr'>Simulstro</span> <span class='ocrx_word' id='word_1_9' title='bbox 1206 770 1279 856; x_wconf 89' lang='lat' dir='ltr'>ipsi,</span> <span class='ocrx_word' id='word_1_10' title='bbox 1295 768 1428 837; x_wconf 86' lang='lat' dir='ltr'>utillud</span> <span class='ocrx_word' id='word_1_11' title='bbox 1448 774 1547 838; x_wconf 82' lang='lat' dir='ltr'>offert</span> <span class='ocrx_word' id='word_1_12' title='bbox 1563 793 1691 856; x_wconf 86' lang='lat' dir='ltr'>numus,</span> 
     </span>
     <span class='ocr_line' id='line_1_3' title="bbox 142 867 1694 958; baseline 0.008 -28"><span class='ocrx_word' id='word_1_13' title='bbox 142 867 174 932; x_wconf 94' lang='lat' dir='ltr'>lo</span> <span class='ocrx_word' id='word_1_14' title='bbox 188 869 361 954; x_wconf 73' lang='lat' dir='ltr'>superiore</span> <span class='ocrx_word' id='word_1_15' title='bbox 376 872 461 956; x_wconf 82' lang='lat' dir='ltr'>apud</span> <span class='ocrx_word' id='word_1_16' title='bbox 475 872 634 936; x_wconf 73' lang='lat' dir='ltr'><strong>Puteolos</strong></span> <span class='ocrx_word' id='word_1_17' title='bbox 649 872 805 936; x_wconf 80' lang='lat' dir='ltr'>effossum</span> <span class='ocrx_word' id='word_1_18' title='bbox 821 885 895 948; x_wconf 80' lang='lat' dir='ltr'>est,</span> <span class='ocrx_word' id='word_1_19' title='bbox 944 873 1026 942; x_wconf 80' lang='lat' dir='ltr'>nihil</span> <span class='ocrx_word' id='word_1_20' title='bbox 1041 893 1103 958; x_wconf 89' lang='lat' dir='ltr'>pro</span> <span class='ocrx_word' id='word_1_21' title='bbox 1126 887 1318 958; x_wconf 76' lang='lat' dir='ltr'>praesente,</span> <span class='ocrx_word' id='word_1_22' title='bbox 1347 889 1380 938; x_wconf 92' lang='lat' dir='ltr'>et</span> <span class='ocrx_word' id='word_1_23' title='bbox 1399 877 1570 941; x_wconf 80' lang='lat' dir='ltr'>manifesto</span> <span class='ocrx_word' id='word_1_24' title='bbox 1589 877 1694 942; x_wconf 85' lang='lat' dir='ltr'>numi·</span> 
     </span>
     <span class='ocr_line' id='line_1_4' title="bbox 141 969 1712 1062; baseline 0.008 -30"><span class='ocrx_word' id='word_1_25' title='bbox 141 969 272 1035; x_wconf 73' lang='lat' dir='ltr'>Caenri</span> <span class='ocrx_word' id='word_1_26' title='bbox 298 972 438 1037; x_wconf 87' lang='lat' dir='ltr'>&#39;l&#39;iberio</span> <span class='ocrx_word' id='word_1_27' title='bbox 461 971 618 1049; x_wconf 83' lang='lat' dir='ltr'>dicatum,</span> <span class='ocrx_word' id='word_1_28' title='bbox 649 975 738 1041; x_wconf 80' lang='lat' dir='ltr'>x1v.</span> <span class='ocrx_word' id='word_1_29' title='bbox 765 974 888 1057; x_wconf 86' lang='lat' dir='ltr'>ligurus</span> <span class='ocrx_word' id='word_1_30' title='bbox 943 997 986 1039; x_wconf 91' lang='lat' dir='ltr'>ne</span> <span class='ocrx_word' id='word_1_31' title='bbox 1016 975 1120 1041; x_wconf 83' lang='lat' dir='ltr'>deest.</span> <span class='ocrx_word' id='word_1_32' title='bbox 1172 975 1299 1038; x_wconf 80' lang='lat' dir='ltr'>Adsunt</span> <span class='ocrx_word' id='word_1_33' title='bbox 1328 989 1453 1062; x_wconf 88' lang='lat' dir='ltr'>patera,</span> <span class='ocrx_word' id='word_1_34' title='bbox 1485 977 1594 1058; x_wconf 82' lang='lat' dir='ltr'>bustu,</span> <span class='ocrx_word' id='word_1_35' title='bbox 1624 999 1712 1044; x_wconf 73' lang='grc' dir='ltr'>ιον·</span> 
     </span>
     <span class='ocr_line' id='line_1_5' title="bbox 140 1071 1692 1162; baseline 0.007 -28"><span class='ocrx_word' id='word_1_36' title='bbox 140 1071 319 1136; x_wconf 77' lang='lat' dir='ltr'>muliebres</span> <span class='ocrx_word' id='word_1_37' title='bbox 353 1073 489 1136; x_wconf 78' lang='lat' dir='ltr'>exhibet</span> <span class='ocrx_word' id='word_1_38' title='bbox 513 1095 587 1138; x_wconf 90' lang='lat' dir='ltr'>cnm</span> <span class='ocrx_word' id='word_1_39' title='bbox 617 1076 808 1158; x_wconf 71' lang='lat' dir='ltr'>subscriptis</span> <span class='ocrx_word' id='word_1_40' title='bbox 835 1096 889 1136; x_wconf 89' lang='lat' dir='ltr'>nr·</span> <span class='ocrx_word' id='word_1_41' title='bbox 944 1075 1083 1144; x_wconf 87' lang='lat' dir='ltr'>bellum.</span> <span class='ocrx_word' id='word_1_42' title='bbox 1136 1075 1227 1160; x_wconf 87' lang='lat' dir='ltr'>Ergo</span> <span class='ocrx_word' id='word_1_43' title='bbox 1257 1097 1329 1141; x_wconf 90' lang='lat' dir='ltr'>cum</span> <span class='ocrx_word' id='word_1_44' title='bbox 1361 1079 1449 1162; x_wconf 83' lang='lat' dir='ltr'>ajunt</span> <span class='ocrx_word' id='word_1_45' title='bbox 1471 1080 1621 1157; x_wconf 82' lang='lat' dir='ltr'>Tacitus,</span> <span class='ocrx_word' id='word_1_46' title='bbox 1654 1099 1692 1146; x_wconf 88' lang='lat' dir='ltr'>sc</span> 
     </span>
     <span class='ocr_line' id='line_1_6' title="bbox 141 1171 1692 1256; baseline 0.007 -23"><span class='ocrx_word' id='word_1_47' title='bbox 141 1171 227 1236; x_wconf 85' lang='lat' dir='ltr'>bium</span> <span class='ocrx_word' id='word_1_48' title='bbox 264 1173 403 1236; x_wconf 81' lang='lat' dir='ltr'>totidem</span> <span class='ocrx_word' id='word_1_49' title='bbox 436 1175 649 1240; x_wconf 79' lang='lat' dir='ltr'>Asiaticamm</span> <span class='ocrx_word' id='word_1_50' title='bbox 683 1175 894 1254; x_wconf 79' lang='lat' dir='ltr'>nominibus,</span> <span class='ocrx_word' id='word_1_51' title='bbox 945 1177 1140 1256; x_wconf 83' lang='lat' dir='ltr'>Suetonius,</span> <span class='ocrx_word' id='word_1_52' title='bbox 1177 1178 1345 1242; x_wconf 77' lang='lat' dir='ltr'>Tiberium</span> <span class='ocrx_word' id='word_1_53' title='bbox 1384 1180 1528 1244; x_wconf 85' lang='lat' dir='ltr'>bonores</span> <span class='ocrx_word' id='word_1_54' title='bbox 1564 1181 1692 1244; x_wconf 78' lang='lat' dir='ltr'>diuinos</span> 
     </span>
     <span class='ocr_line' id='line_1_7' title="bbox 141 1274 1694 1368; baseline 0.006 -30"><span class='ocrx_word' id='word_1_55' title='bbox 141 1293 221 1358; x_wconf 80' lang='lat' dir='ltr'>quse</span> <span class='ocrx_word' id='word_1_56' title='bbox 247 1274 366 1339; x_wconf 82' lang='lat' dir='ltr'>eadem</span> <span class='ocrx_word' id='word_1_57' title='bbox 390 1287 463 1339; x_wconf 91' lang='lat' dir='ltr'>sunt</span> <span class='ocrx_word' id='word_1_58' title='bbox 485 1298 559 1340; x_wconf 92' lang='lat' dir='ltr'>cum</span> <span class='ocrx_word' id='word_1_59' title='bbox 579 1275 638 1352; x_wconf 87' lang='lat' dir='ltr'>iis,</span> <span class='ocrx_word' id='word_1_60' title='bbox 663 1298 745 1361; x_wconf 85' lang='lat' dir='ltr'>quae</span> <span class='ocrx_word' id='word_1_61' title='bbox 764 1297 888 1342; x_wconf 62' lang='lat' dir='ltr'>mame</span> <span class='ocrx_word' id='word_1_62' title='bbox 943 1293 1147 1358; x_wconf 79' lang='lat' dir='ltr'>aversatum,</span> <span class='ocrx_word' id='word_1_63' title='bbox 1175 1277 1210 1340; x_wconf 86' lang='lat' dir='ltr'>itl</span> <span class='ocrx_word' id='word_1_64' title='bbox 1239 1280 1326 1343; x_wconf 88' lang='lat' dir='ltr'>lorte</span> <span class='ocrx_word' id='word_1_65' title='bbox 1348 1279 1408 1343; x_wconf 95' lang='lat' dir='ltr'>sub</span> <span class='ocrx_word' id='word_1_66' title='bbox 1438 1281 1509 1364; x_wconf 88' lang='lat' dir='ltr'>ejus</span> <span class='ocrx_word' id='word_1_67' title='bbox 1532 1281 1694 1368; x_wconf 80' lang='lat' dir='ltr'>princips-</span> 
     </span>
     <span class='ocr_line' id='line_1_8' title="bbox 140 1375 1694 1475; baseline 0.006 -37"><span class='ocrx_word' id='word_1_68' title='bbox 140 1388 188 1439; x_wconf 84' lang='lat' dir='ltr'>rst</span> <span class='ocrx_word' id='word_1_69' title='bbox 207 1377 363 1455; x_wconf 78' lang='lat' dir='ltr'>Tacitus,</span> <span class='ocrx_word' id='word_1_70' title='bbox 395 1375 518 1440; x_wconf 81' lang='lat' dir='ltr'>additis</span> <span class='ocrx_word' id='word_1_71' title='bbox 532 1391 708 1461; x_wconf 85' lang='lat' dir='ltr'>praeterea</span> <span class='ocrx_word' id='word_1_72' title='bbox 731 1379 886 1463; x_wconf 81' lang='lat' dir='ltr'>Epheso,</span> <span class='ocrx_word' id='word_1_73' title='bbox 943 1391 996 1444; x_wconf 91' lang='lat' dir='ltr'>tus</span> <span class='ocrx_word' id='word_1_74' title='bbox 1017 1379 1130 1456; x_wconf 88' lang='lat' dir='ltr'>initio,</span> <span class='ocrx_word' id='word_1_75' title='bbox 1157 1391 1191 1442; x_wconf 89' lang='lat' dir='ltr'>et</span> <span class='ocrx_word' id='word_1_76' title='bbox 1207 1380 1354 1443; x_wconf 80' lang='lat' dir='ltr'>necdum</span> <span class='ocrx_word' id='word_1_77' title='bbox 1376 1383 1451 1445; x_wconf 89' lang='lat' dir='ltr'>satis</span> <span class='ocrx_word' id='word_1_78' title='bbox 1473 1380 1569 1446; x_wconf 88' lang='lat' dir='ltr'>firmo</span> <span class='ocrx_word' id='word_1_79' title='bbox 1590 1385 1694 1475; x_wconf 83' lang='lat' dir='ltr'>impe·</span> 
     </span>
     <span class='ocr_line' id='line_1_9' title="bbox 142 1475 1692 1566; baseline 0.006 -27"><span class='ocrx_word' id='word_1_80' title='bbox 142 1487 175 1539; x_wconf 85' lang='lat' dir='ltr'>et</span> <span class='ocrx_word' id='word_1_81' title='bbox 188 1475 322 1559; x_wconf 80' lang='lat' dir='ltr'>Cibyra.</span> <span class='ocrx_word' id='word_1_82' title='bbox 941 1482 996 1546; x_wconf 86' lang='lat' dir='ltr'>rio</span> <span class='ocrx_word' id='word_1_83' title='bbox 1017 1500 1132 1547; x_wconf 81' lang='lat' dir='ltr'>verum</span> <span class='ocrx_word' id='word_1_84' title='bbox 1154 1481 1274 1560; x_wconf 85' lang='lat' dir='ltr'>luerit,</span> <span class='ocrx_word' id='word_1_85' title='bbox 1304 1481 1408 1546; x_wconf 90' lang='lat' dir='ltr'>serius</span> <span class='ocrx_word' id='word_1_86' title='bbox 1431 1483 1692 1566; x_wconf 80' lang='lat' dir='ltr'>magnificentius</span> 
     </span>
     <span class='ocr_line' id='line_1_10' title="bbox 198 1575 1691 1671; baseline 0.009 -33"><span class='ocrx_word' id='word_1_87' title='bbox 198 1575 252 1638; x_wconf 78' lang='lat' dir='ltr'>Ad</span> <span class='ocrx_word' id='word_1_88' title='bbox 285 1577 509 1661; x_wconf 77' lang='lat' dir='ltr'>explicandam</span> <span class='ocrx_word' id='word_1_89' title='bbox 543 1597 684 1643; x_wconf 81' lang='lat' dir='ltr'>aversae</span> <span class='ocrx_word' id='word_1_90' title='bbox 709 1575 892 1664; x_wconf 84' lang='lat' dir='ltr'>imaginem</span> <span class='ocrx_word' id='word_1_91' title='bbox 943 1581 986 1648; x_wconf 88' lang='lat' dir='ltr'>‹le</span> <span class='ocrx_word' id='word_1_92' title='bbox 1004 1581 1214 1661; x_wconf 86' lang='lat' dir='ltr'>assenserit,</span> <span class='ocrx_word' id='word_1_93' title='bbox 1243 1593 1298 1647; x_wconf 89' lang='lat' dir='ltr'>aut</span> <span class='ocrx_word' id='word_1_94' title='bbox 1316 1585 1450 1662; x_wconf 86' lang='lat' dir='ltr'>saltem,</span> <span class='ocrx_word' id='word_1_95' title='bbox 1473 1599 1691 1671; x_wconf 80' lang='lat' dir='ltr'>utnusquam</span> 
     </span>
     <span class='ocr_line' id='line_1_11' title="bbox 142 1679 1692 1772; baseline 0.005 -30"><span class='ocrx_word' id='word_1_96' title='bbox 142 1679 462 1744; x_wconf 80' lang='lat' dir='ltr'>commemorandum</span> <span class='ocrx_word' id='word_1_97' title='bbox 512 1680 644 1744; x_wconf 89' lang='lat' dir='ltr'>omnino</span> <span class='ocrx_word' id='word_1_98' title='bbox 689 1679 886 1766; x_wconf 83' lang='lat' dir='ltr'>Phlegontis</span> <span class='ocrx_word' id='word_1_99' title='bbox 942 1685 1065 1751; x_wconf 90' lang='lat' dir='ltr'>cultum</span> <span class='ocrx_word' id='word_1_100' title='bbox 1089 1683 1270 1750; x_wconf 89' lang='lat' dir='ltr'>coelestem</span> <span class='ocrx_word' id='word_1_101' title='bbox 1301 1705 1320 1749; x_wconf 93' lang='lat' dir='ltr'>s</span> <span class='ocrx_word' id='word_1_102' title='bbox 1348 1685 1421 1748; x_wconf 88' lang='lat' dir='ltr'>suis</span> <span class='ocrx_word' id='word_1_103' title='bbox 1447 1686 1618 1772; x_wconf 80' lang='lat' dir='ltr'>exegerit,</span> <span class='ocrx_word' id='word_1_104' title='bbox 1648 1684 1692 1751; x_wconf 88' lang='lat' dir='ltr'>its</span> 
     </span>
     <span class='ocr_line' id='line_1_12' title="bbox 141 1779 1693 1872; baseline 0.008 -31"><span class='ocrx_word' id='word_1_105' title='bbox 141 1779 297 1844; x_wconf 77' lang='lat' dir='ltr'>Tralliani</span> <span class='ocrx_word' id='word_1_106' title='bbox 326 1781 548 1845; x_wconf 87' lang='lat' dir='ltr'>testimonium</span> <span class='ocrx_word' id='word_1_107' title='bbox 568 1785 613 1865; x_wconf 81' lang='lat'>¹),</span> <span class='ocrx_word' id='word_1_108' title='bbox 645 1779 700 1868; x_wconf 88' lang='lat' dir='ltr'>qui</span> <span class='ocrx_word' id='word_1_109' title='bbox 728 1803 770 1846; x_wconf 82' lang='lat' dir='ltr'>ex</span> <span class='ocrx_word' id='word_1_110' title='bbox 786 1779 888 1867; x_wconf 80' lang='lat' dir='ltr'>Apol·</span> <span class='ocrx_word' id='word_1_111' title='bbox 942 1806 1010 1850; x_wconf 87' lang='lat' dir='ltr'>non</span> <span class='ocrx_word' id='word_1_112' title='bbox 1041 1785 1221 1864; x_wconf 87' lang='lat' dir='ltr'>obstiterit,</span> <span class='ocrx_word' id='word_1_113' title='bbox 1259 1785 1286 1848; x_wconf 89' lang='lat' dir='ltr'>si</span> <span class='ocrx_word' id='word_1_114' title='bbox 1315 1785 1513 1865; x_wconf 83' lang='lat' dir='ltr'>habebatur,</span> <span class='ocrx_word' id='word_1_115' title='bbox 1551 1787 1693 1872; x_wconf 84' lang='lat' dir='ltr'>perinde</span> 
     </span>
     <span class='ocr_line' id='line_1_13' title="bbox 140 1881 1693 1974; baseline 0.005 -30"><span class='ocrx_word' id='word_1_116' title='bbox 140 1881 225 1946; x_wconf 85' lang='lat' dir='ltr'>losio</span> <span class='ocrx_word' id='word_1_117' title='bbox 254 1883 384 1961; x_wconf 75' lang='lat' dir='ltr'>refert,</span> <span class='ocrx_word' id='word_1_118' title='bbox 409 1884 535 1946; x_wconf 80' lang='lat' dir='ltr'>Tiberii</span> <span class='ocrx_word' id='word_1_119' title='bbox 553 1896 658 1947; x_wconf 86' lang='lat' dir='ltr'>aetate</span> <span class='ocrx_word' id='word_1_120' title='bbox 682 1883 886 1967; x_wconf 89' lang='lat' dir='ltr'>complures,</span> <span class='ocrx_word' id='word_1_121' title='bbox 942 1904 1040 1974; x_wconf 87' lang='lat' dir='ltr'>atque</span> <span class='ocrx_word' id='word_1_122' title='bbox 1058 1885 1145 1952; x_wconf 88' lang='lat' dir='ltr'>idem</span> <span class='ocrx_word' id='word_1_123' title='bbox 1163 1887 1222 1950; x_wconf 89' lang='lat' dir='ltr'>ille</span> <span class='ocrx_word' id='word_1_124' title='bbox 1234 1886 1372 1970; x_wconf 78' lang='lat' dir='ltr'>Augusti</span> <span class='ocrx_word' id='word_1_125' title='bbox 1390 1905 1510 1950; x_wconf 87' lang='lat' dir='ltr'>nomen</span> <span class='ocrx_word' id='word_1_126' title='bbox 1522 1907 1588 1952; x_wconf 88' lang='lat' dir='ltr'>non</span> <span class='ocrx_word' id='word_1_127' title='bbox 1600 1903 1693 1953; x_wconf 65' lang='lat' dir='ltr'>usum</span> 
     </span>
     <span class='ocr_line' id='line_1_14' title="bbox 141 1984 1691 2076; baseline 0.005 -30"><span class='ocrx_word' id='word_1_128' title='bbox 141 1996 172 2047; x_wconf 89' lang='lat' dir='ltr'>et</span> <span class='ocrx_word' id='word_1_129' title='bbox 197 1985 352 2048; x_wconf 81' lang='lat' dir='ltr'>illustres</span> <span class='ocrx_word' id='word_1_130' title='bbox 378 1984 476 2048; x_wconf 90' lang='lat' dir='ltr'>orbes</span> <span class='ocrx_word' id='word_1_131' title='bbox 506 1999 708 2049; x_wconf 90' lang='lat' dir='ltr'>terraemotu</span> <span class='ocrx_word' id='word_1_132' title='bbox 736 2005 886 2064; x_wconf 84' lang='lat' dir='ltr'>eversas,</span> <span class='ocrx_word' id='word_1_133' title='bbox 943 1988 1063 2076; x_wconf 85' lang='lat' dir='ltr'>pabat..</span> <span class='ocrx_word' id='word_1_134' title='bbox 1106 1987 1241 2053; x_wconf 81' lang='lat' dir='ltr'>audiens</span> <span class='ocrx_word' id='word_1_135' title='bbox 1276 2001 1403 2064; x_wconf 86' lang='lat' dir='ltr'>tamen,</span> <span class='ocrx_word' id='word_1_136' title='bbox 1443 2001 1497 2051; x_wconf 87' lang='lat' dir='ltr'>aut</span> <span class='ocrx_word' id='word_1_137' title='bbox 1533 1990 1691 2073; x_wconf 89' lang='lat' dir='ltr'>scriptum</span> 
     </span>
     <span class='ocr_line' id='line_1_15' title="bbox 141 2084 1691 2176; baseline 0.005 -28"><span class='ocrx_word' id='word_1_138' title='bbox 141 2105 214 2169; x_wconf 80' lang='lat' dir='ltr'>quas</span> <span class='ocrx_word' id='word_1_139' title='bbox 231 2084 376 2149; x_wconf 83' lang='lat' dir='ltr'>subinde</span> <span class='ocrx_word' id='word_1_140' title='bbox 392 2086 572 2170; x_wconf 85' lang='lat' dir='ltr'>imperatos</span> <span class='ocrx_word' id='word_1_141' title='bbox 590 2085 733 2169; x_wconf 89' lang='lat' dir='ltr'>propriis</span> <span class='ocrx_word' id='word_1_142' title='bbox 752 2087 885 2170; x_wconf 89' lang='lat' dir='ltr'>sumpti·</span> <span class='ocrx_word' id='word_1_143' title='bbox 941 2090 1061 2176; x_wconf 85' lang='lat' dir='ltr'>legens</span> <span class='ocrx_word' id='word_1_144' title='bbox 1086 2089 1214 2154; x_wconf 78' lang='lat' dir='ltr'>serebat</span> <span class='ocrx_word' id='word_1_145' title='bbox 1229 2091 1275 2170; x_wconf 79' lang='lat'>⁰).</span> <span class='ocrx_word' id='word_1_146' title='bbox 1315 2089 1401 2152; x_wconf 85' lang='lat' dir='ltr'>Sane</span> <span class='ocrx_word' id='word_1_147' title='bbox 1423 2109 1508 2151; x_wconf 89' lang='lat' dir='ltr'>suno</span> <span class='ocrx_word' id='word_1_148' title='bbox 1531 2105 1691 2176; x_wconf 85' lang='lat' dir='ltr'>sequente</span> 
     </span>
     <span class='ocr_line' id='line_1_16' title="bbox 141 2183 1693 2277; baseline 0.005 -31"><span class='ocrx_word' id='word_1_149' title='bbox 141 2183 196 2249; x_wconf 91' lang='lat' dir='ltr'>bus</span> <span class='ocrx_word' id='word_1_150' title='bbox 214 2186 357 2264; x_wconf 77' lang='lat' dir='ltr'>reiecit,</span> <span class='ocrx_word' id='word_1_151' title='bbox 377 2208 440 2272; x_wconf 87' lang='lat' dir='ltr'>pro</span> <span class='ocrx_word' id='word_1_152' title='bbox 463 2208 527 2271; x_wconf 90' lang='lat' dir='ltr'>quo</span> <span class='ocrx_word' id='word_1_153' title='bbox 550 2186 712 2250; x_wconf 83' lang='lat' dir='ltr'>beneficio</span> <span class='ocrx_word' id='word_1_154' title='bbox 737 2188 883 2252; x_wconf 89' lang='lat' dir='ltr'>colossus</span> <span class='ocrx_word' id='word_1_155' title='bbox 942 2191 1091 2277; x_wconf 84' lang='lat' dir='ltr'>permisit</span> <span class='ocrx_word' id='word_1_156' title='bbox 1118 2189 1199 2268; x_wconf 87' lang='lat' dir='ltr'>sibi,</span> <span class='ocrx_word' id='word_1_157' title='bbox 1235 2211 1273 2254; x_wconf 82' lang='lat' dir='ltr'>ac</span> <span class='ocrx_word' id='word_1_158' title='bbox 1297 2188 1392 2254; x_wconf 88' lang='lat' dir='ltr'>matri</span> <span class='ocrx_word' id='word_1_159' title='bbox 1418 2189 1579 2275; x_wconf 90' lang='lat' dir='ltr'>templum</span> <span class='ocrx_word' id='word_1_160' title='bbox 1606 2191 1693 2276; x_wconf 86' lang='lat' dir='ltr'>apud</span> 
     </span>
     <span class='ocr_line' id='line_1_17' title="bbox 141 2287 1693 2377; baseline 0.003 -27"><span class='ocrx_word' id='word_1_161' title='bbox 141 2287 171 2350; x_wconf 85' lang='lat' dir='ltr'>ei</span> <span class='ocrx_word' id='word_1_162' title='bbox 197 2287 370 2353; x_wconf 79' lang='lat' dir='ltr'>dedicatos</span> <span class='ocrx_word' id='word_1_163' title='bbox 398 2289 525 2364; x_wconf 81' lang='lat' dir='ltr'>Romae</span> <span class='ocrx_word' id='word_1_164' title='bbox 553 2289 586 2350; x_wconf 90' lang='lat' dir='ltr'>in</span> <span class='ocrx_word' id='word_1_165' title='bbox 614 2287 690 2351; x_wconf 82' lang='lat' dir='ltr'>loro</span> <span class='ocrx_word' id='word_1_166' title='bbox 722 2288 816 2372; x_wconf 85' lang='lat' dir='ltr'>juxta·</span> <span class='ocrx_word' id='word_1_167' title='bbox 832 2307 885 2352; x_wconf 87' lang='lat' dir='ltr'>ae·</span> <span class='ocrx_word' id='word_1_168' title='bbox 941 2295 1117 2377; x_wconf 78' lang='lat' dir='ltr'>Smyrnam.</span> <span class='ocrx_word' id='word_1_169' title='bbox 1140 2289 1303 2372; x_wconf 85' lang='lat' dir='ltr'>dedicari,</span> <span class='ocrx_word' id='word_1_170' title='bbox 1339 2306 1476 2356; x_wconf 89' lang='lat' dir='ltr'>matrem</span> <span class='ocrx_word' id='word_1_171' title='bbox 1499 2312 1580 2358; x_wconf 82' lang='lat' dir='ltr'>vero</span> <span class='ocrx_word' id='word_1_172' title='bbox 1603 2291 1693 2357; x_wconf 88' lang='lat' dir='ltr'>omni</span> 
     </span>
     <span class='ocr_line' id='line_1_18' title="bbox 141 2387 1691 2480; baseline 0.005 -29"><span class='ocrx_word' id='word_1_173' title='bbox 141 2387 211 2454; x_wconf 76' lang='lat' dir='ltr'>dem</span> <span class='ocrx_word' id='word_1_174' title='bbox 226 2390 391 2465; x_wconf 71' lang='lat' dir='ltr'>Veneris,</span> <span class='ocrx_word' id='word_1_175' title='bbox 419 2389 578 2453; x_wconf 83' lang='lat' dir='ltr'>adstitutis</span> <span class='ocrx_word' id='word_1_176' title='bbox 597 2390 727 2451; x_wconf 87' lang='lat' dir='ltr'>urbium</span> <span class='ocrx_word' id='word_1_177' title='bbox 743 2389 884 2474; x_wconf 88' lang='lat' dir='ltr'>singula·</span> <span class='ocrx_word' id='word_1_178' title='bbox 941 2395 1023 2459; x_wconf 84' lang='lat' dir='ltr'>dese</span> <span class='ocrx_word' id='word_1_179' title='bbox 1042 2395 1132 2459; x_wconf 86' lang='lat' dir='ltr'>cultu</span> <span class='ocrx_word' id='word_1_180' title='bbox 1157 2395 1355 2480; x_wconf 87' lang='lat' dir='ltr'>propositam</span> <span class='ocrx_word' id='word_1_181' title='bbox 1373 2393 1519 2460; x_wconf 80' lang='lat' dir='ltr'>videmus</span> <span class='ocrx_word' id='word_1_182' title='bbox 1542 2415 1639 2480; x_wconf 77' lang='lat' dir='ltr'>supra</span> <span class='ocrx_word' id='word_1_183' title='bbox 1655 2392 1691 2456; x_wconf 80' lang='lat' dir='ltr'>in</span> 
     </span>
     <span class='ocr_line' id='line_1_19' title="bbox 140 2489 1322 2584; baseline 0.003 -30"><span class='ocrx_word' id='word_1_184' title='bbox 140 2511 210 2554; x_wconf 85' lang='lat' dir='ltr'>rum</span> <span class='ocrx_word' id='word_1_185' title='bbox 238 2491 437 2558; x_wconf 79' lang='lat' dir='ltr'>simulacris.</span> <span class='ocrx_word' id='word_1_186' title='bbox 486 2489 585 2583; x_wconf 82' lang='lat' dir='ltr'>Quod</span> <span class='ocrx_word' id='word_1_187' title='bbox 615 2490 884 2557; x_wconf 80' lang='lat' dir='ltr'>disertis-verbis</span> <span class='ocrx_word' id='word_1_188' title='bbox 941 2495 1012 2584; x_wconf 80' lang='lat' dir='ltr'>ejus</span> <span class='ocrx_word' id='word_1_189' title='bbox 1023 2499 1193 2582; x_wconf 77' lang='lat' dir='ltr'>Augustae</span> <span class='ocrx_word' id='word_1_190' title='bbox 1206 2498 1322 2560; x_wconf 78' lang='lat' dir='ltr'>numia.</span> 
     </span>
     <span class='ocr_line' id='line_1_20' title="bbox 142 2591 1689 2678; baseline 0.003 -22"><span class='ocrx_word' id='word_1_191' title='bbox 142 2607 271 2656; x_wconf 77' lang='lat' dir='ltr'>murras</span> <span class='ocrx_word' id='word_1_192' title='bbox 290 2592 462 2676; x_wconf 86' lang='lat' dir='ltr'>Phlegon,</span> <span class='ocrx_word' id='word_1_193' title='bbox 493 2592 577 2656; x_wconf 84' lang='lat' dir='ltr'>illud</span> <span class='ocrx_word' id='word_1_194' title='bbox 604 2594 710 2678; x_wconf 89' lang='lat' dir='ltr'>ipsum</span> <span class='ocrx_word' id='word_1_195' title='bbox 731 2593 764 2655; x_wconf 92' lang='lat' dir='ltr'>in</span> <span class='ocrx_word' id='word_1_196' title='bbox 788 2591 886 2656; x_wconf 88' lang='lat' dir='ltr'>citato</span> <span class='ocrx_word' id='word_1_197' title='bbox 1006 2597 1148 2666; x_wconf 83' lang='lat' dir='ltr'>Videtur</span> <span class='ocrx_word' id='word_1_198' title='bbox 1172 2598 1320 2661; x_wconf 88' lang='lat' dir='ltr'>colossus</span> <span class='ocrx_word' id='word_1_199' title='bbox 1339 2593 1393 2661; x_wconf 88' lang='lat' dir='ltr'>hic</span> <span class='ocrx_word' id='word_1_200' title='bbox 1411 2595 1606 2660; x_wconf 75' lang='lat' dir='ltr'>Tiberianus</span> <span class='ocrx_word' id='word_1_201' title='bbox 1624 2595 1689 2661; x_wconf 83' lang='lat' dir='ltr'>boc</span> 
     </span>
     <span class='ocr_line' id='line_1_21' title="bbox 143 2693 1695 2777; baseline 0.005 -20"><span class='ocrx_word' id='word_1_202' title='bbox 143 2715 304 2759; x_wconf 84' lang='lat' dir='ltr'>marmore</span> <span class='ocrx_word' id='word_1_203' title='bbox 331 2695 534 2774; x_wconf 88' lang='lat' dir='ltr'>Puteolano,</span> <span class='ocrx_word' id='word_1_204' title='bbox 573 2695 677 2761; x_wconf 90' lang='lat' dir='ltr'>oculis</span> <span class='ocrx_word' id='word_1_205' title='bbox 718 2693 889 2773; x_wconf 81' lang='lat' dir='ltr'>vitemus,</span> <span class='ocrx_word' id='word_1_206' title='bbox 943 2697 1075 2766; x_wconf 82' lang='lat' dir='ltr'>demum</span> <span class='ocrx_word' id='word_1_207' title='bbox 1098 2719 1192 2765; x_wconf 85' lang='lat' dir='ltr'>anno·</span> <span class='ocrx_word' id='word_1_208' title='bbox 1213 2697 1338 2777; x_wconf 87' lang='lat' dir='ltr'>linitus,</span> <span class='ocrx_word' id='word_1_209' title='bbox 1377 2711 1412 2765; x_wconf 85' lang='lat' dir='ltr'>et</span> <span class='ocrx_word' id='word_1_210' title='bbox 1437 2697 1622 2777; x_wconf 78' lang='lat' dir='ltr'>dedicatus,</span> <span class='ocrx_word' id='word_1_211' title='bbox 1656 2713 1695 2763; x_wconf 83' lang='lat' dir='ltr'>sc</span> 
     </span>
     <span class='ocr_line' id='line_1_22' title="bbox 143 2795 1694 2881; baseline -0.001 -21"><span class='ocrx_word' id='word_1_212' title='bbox 143 2796 225 2881; x_wconf 75' lang='lat' dir='ltr'>qnod</span> <span class='ocrx_word' id='word_1_213' title='bbox 253 2795 344 2859; x_wconf 78' lang='lat' dir='ltr'>baud</span> <span class='ocrx_word' id='word_1_214' title='bbox 378 2796 475 2860; x_wconf 84' lang='lat' dir='ltr'>dubie</span> <span class='ocrx_word' id='word_1_215' title='bbox 507 2798 687 2863; x_wconf 85' lang='lat' dir='ltr'>secundum</span> <span class='ocrx_word' id='word_1_216' title='bbox 717 2797 896 2880; x_wconf 83' lang='lat' dir='ltr'>exemplar</span> <span class='ocrx_word' id='word_1_217' title='bbox 944 2800 1082 2868; x_wconf 84' lang='lat' dir='ltr'>subinde</span> <span class='ocrx_word' id='word_1_218' title='bbox 1113 2800 1401 2867; x_wconf 41' lang='lat' dir='ltr'>numia-*insertus</span> <span class='ocrx_word' id='word_1_219' title='bbox 1444 2801 1553 2869; x_wconf 85' lang='lat' dir='ltr'>Video</span> <span class='ocrx_word' id='word_1_220' title='bbox 1584 2810 1694 2875; x_wconf 82' lang='lat' dir='ltr'>tamen</span> 
     </span>
     <span class='ocr_line' id='line_1_23' title="bbox 143 2895 1694 2989; baseline 0.004 -32"><span class='ocrx_word' id='word_1_221' title='bbox 143 2896 321 2961; x_wconf 77' lang='lat' dir='ltr'>Romanum</span> <span class='ocrx_word' id='word_1_222' title='bbox 356 2900 515 2983; x_wconf 83' lang='lat' dir='ltr'>scalptum</span> <span class='ocrx_word' id='word_1_223' title='bbox 546 2898 664 2978; x_wconf 77' lang='lat' dir='ltr'>fuerit,</span> <span class='ocrx_word' id='word_1_224' title='bbox 699 2913 734 2963; x_wconf 89' lang='lat' dir='ltr'>et</span> <span class='ocrx_word' id='word_1_225' title='bbox 762 2899 804 2962; x_wconf 82' lang='lat' dir='ltr'>etl</span> <span class='ocrx_word' id='word_1_226' title='bbox 832 2895 888 2963; x_wconf 80' lang='lat' dir='ltr'>de·</span> <span class='ocrx_word' id='word_1_227' title='bbox 944 2903 1029 2989; x_wconf 84' lang='lat' dir='ltr'>apud</span> <span class='ocrx_word' id='word_1_228' title='bbox 1065 2904 1239 2986; x_wconf 86' lang='lat' dir='ltr'>Bellsyum</span> <span class='ocrx_word' id='word_1_229' title='bbox 1259 2900 1312 2984; x_wconf 69' lang='lat' dir='ltr'>d),</span> <span class='ocrx_word' id='word_1_230' title='bbox 1352 2898 1618 2977; x_wconf 78' lang='lat' dir='ltr'>Mediobarbum,</span> <span class='ocrx_word' id='word_1_231' title='bbox 1659 2912 1694 2963; x_wconf 85' lang='lat' dir='ltr'>et</span> 
     </span>
     <span class='ocr_line' id='line_1_24' title="bbox 143 2998 1695 3088; baseline 0.001 -26"><span class='ocrx_word' id='word_1_232' title='bbox 143 2998 391 3082; x_wconf 80' lang='lat' dir='ltr'>proedicandsm</span> <span class='ocrx_word' id='word_1_233' title='bbox 417 2999 546 3064; x_wconf 82' lang='lat' dir='ltr'>Tiberii</span> <span class='ocrx_word' id='word_1_234' title='bbox 567 3001 797 3065; x_wconf 76' lang='lat' dir='ltr'>liberalitatem</span> <span class='ocrx_word' id='word_1_235' title='bbox 824 3002 888 3063; x_wconf 91' lang='lat' dir='ltr'>Pu·</span> <span class='ocrx_word' id='word_1_236' title='bbox 943 3005 977 3067; x_wconf 93' lang='lat' dir='ltr'>in</span> <span class='ocrx_word' id='word_1_237' title='bbox 1000 3003 1072 3069; x_wconf 88' lang='lat' dir='ltr'>aliis</span> <span class='ocrx_word' id='word_1_238' title='bbox 1088 3002 1244 3088; x_wconf 77' lang='lat' dir='ltr'>catalogis</span> <span class='ocrx_word' id='word_1_239' title='bbox 1261 3005 1437 3067; x_wconf 88' lang='lat' dir='ltr'>memorari</span> <span class='ocrx_word' id='word_1_240' title='bbox 1457 3000 1532 3065; x_wconf 86' lang='lat' dir='ltr'>trib.</span> <span class='ocrx_word' id='word_1_241' title='bbox 1553 3010 1695 3083; x_wconf 85' lang='lat' dir='ltr'>potesta·</span> 
     </span>
     <span class='ocr_line' id='line_1_25' title="bbox 143 3100 1696 3189; baseline 0.001 -25"><span class='ocrx_word' id='word_1_242' title='bbox 143 3102 233 3164; x_wconf 86' lang='lat' dir='ltr'>teolis</span> <span class='ocrx_word' id='word_1_243' title='bbox 256 3101 454 3167; x_wconf 84' lang='lat' dir='ltr'>dedicatum.</span> <span class='ocrx_word' id='word_1_244' title='bbox 495 3102 690 3166; x_wconf 83' lang='lat' dir='ltr'>colosseum</span> <span class='ocrx_word' id='word_1_245' title='bbox 716 3118 824 3166; x_wconf 88' lang='lat' dir='ltr'>autem</span> <span class='ocrx_word' id='word_1_246' title='bbox 849 3104 887 3164; x_wconf 92' lang='lat' dir='ltr'>il·</span> <span class='ocrx_word' id='word_1_247' title='bbox 944 3118 1012 3170; x_wconf 91' lang='lat' dir='ltr'>tem</span> <span class='ocrx_word' id='word_1_248' title='bbox 1044 3104 1132 3169; x_wconf 79' lang='lat' dir='ltr'>XXI.</span> <span class='ocrx_word' id='word_1_249' title='bbox 1154 3106 1260 3169; x_wconf 88' lang='lat' dir='ltr'>numis</span> <span class='ocrx_word' id='word_1_250' title='bbox 1290 3102 1405 3183; x_wconf 80' lang='lat' dir='ltr'>similis</span> <span class='ocrx_word' id='word_1_251' title='bbox 1433 3100 1617 3189; x_wconf 84' lang='lat' dir='ltr'>argumenti</span> <span class='ocrx_word' id='word_1_252' title='bbox 1647 3102 1696 3165; x_wconf 88' lang='lat' dir='ltr'>in·</span> 
     </span>
     <span class='ocr_line' id='line_1_26' title="bbox 143 3202 1694 3292; baseline -0.001 -26"><span class='ocrx_word' id='word_1_253' title='bbox 143 3202 196 3266; x_wconf 85' lang='lat' dir='ltr'>lutl</span> <span class='ocrx_word' id='word_1_254' title='bbox 225 3216 445 3268; x_wconf 83' lang='lat' dir='ltr'>memoratum</span> <span class='ocrx_word' id='word_1_255' title='bbox 470 3202 648 3288; x_wconf 87' lang='lat' dir='ltr'>Phlegonti</span> <span class='ocrx_word' id='word_1_256' title='bbox 678 3202 887 3269; x_wconf 76' lang='lat' dir='ltr'>simulacrum</span> <span class='ocrx_word' id='word_1_257' title='bbox 944 3209 1115 3292; x_wconf 88' lang='lat' dir='ltr'>scriptam,</span> <span class='ocrx_word' id='word_1_258' title='bbox 1145 3206 1233 3271; x_wconf 88' lang='lat' dir='ltr'>unde</span> <span class='ocrx_word' id='word_1_259' title='bbox 1261 3219 1471 3291; x_wconf 84' lang='lat' dir='ltr'>sequeretur,</span> <span class='ocrx_word' id='word_1_260' title='bbox 1499 3223 1694 3267; x_wconf 87' lang='lat' dir='ltr'>monumen·</span> 
     </span>
     <span class='ocr_line' id='line_1_27' title="bbox 143 3302 1693 3393; baseline 0.001 -26"><span class='ocrx_word' id='word_1_261' title='bbox 143 3302 224 3369; x_wconf 81' lang='lat' dir='ltr'>baud</span> <span class='ocrx_word' id='word_1_262' title='bbox 238 3305 376 3369; x_wconf 78' lang='lat' dir='ltr'>dubium</span> <span class='ocrx_word' id='word_1_263' title='bbox 393 3304 523 3371; x_wconf 79' lang='lat' dir='ltr'>ridetur</span> <span class='ocrx_word' id='word_1_264' title='bbox 536 3305 636 3369; x_wconf 85' lang='lat' dir='ltr'>luisse</span> <span class='ocrx_word' id='word_1_265' title='bbox 652 3304 771 3369; x_wconf 90' lang='lat' dir='ltr'>eodem</span> <span class='ocrx_word' id='word_1_266' title='bbox 786 3309 888 3385; x_wconf 91' lang='lat' dir='ltr'>cultu,</span> <span class='ocrx_word' id='word_1_267' title='bbox 943 3322 1012 3374; x_wconf 90' lang='lat' dir='ltr'>tum</span> <span class='ocrx_word' id='word_1_268' title='bbox 1036 3306 1120 3373; x_wconf 81' lang='lat' dir='ltr'>illud</span> <span class='ocrx_word' id='word_1_269' title='bbox 1142 3308 1276 3373; x_wconf 89' lang='lat' dir='ltr'>biennio</span> <span class='ocrx_word' id='word_1_270' title='bbox 1293 3321 1367 3393; x_wconf 89' lang='lat' dir='ltr'>post</span> <span class='ocrx_word' id='word_1_271' title='bbox 1385 3322 1456 3371; x_wconf 84' lang='lat' dir='ltr'>eam</span> <span class='ocrx_word' id='word_1_272' title='bbox 1477 3304 1693 3371; x_wconf 77' lang='lat' dir='ltr'>calamitatem</span> 
     </span>
     <span class='ocr_line' id='line_1_28' title="bbox 144 3408 1696 3495; baseline 0.003 -27"><span class='ocrx_word' id='word_1_273' title='bbox 144 3426 203 3491; x_wconf 79' lang='lat' dir='ltr'>quo</span> <span class='ocrx_word' id='word_1_274' title='bbox 224 3408 260 3469; x_wconf 89' lang='lat' dir='ltr'>in</span> <span class='ocrx_word' id='word_1_275' title='bbox 279 3422 454 3492; x_wconf 77' lang='lat' dir='ltr'>praesente</span> <span class='ocrx_word' id='word_1_276' title='bbox 478 3430 580 3472; x_wconf 89' lang='lat' dir='ltr'>numo</span> <span class='ocrx_word' id='word_1_277' title='bbox 593 3408 746 3472; x_wconf 85' lang='lat' dir='ltr'>Tiberius</span> <span class='ocrx_word' id='word_1_278' title='bbox 769 3429 889 3493; x_wconf 83' lang='lat' dir='ltr'>propo·</span> <span class='ocrx_word' id='word_1_279' title='bbox 944 3410 1142 3479; x_wconf 77' lang='lat' dir='ltr'>dedicatum</span> <span class='ocrx_word' id='word_1_280' title='bbox 1194 3414 1229 3473; x_wconf 90' lang='lat' dir='ltr'>ln</span> <span class='ocrx_word' id='word_1_281' title='bbox 1259 3412 1407 3495; x_wconf 84' lang='lat' dir='ltr'>catalogo</span> <span class='ocrx_word' id='word_1_282' title='bbox 1436 3408 1543 3472; x_wconf 86' lang='lat' dir='ltr'>mosei</span> <span class='ocrx_word' id='word_1_283' title='bbox 1580 3408 1696 3473; x_wconf 85' lang='lat' dir='ltr'>Csess·</span> 
     </span>
     <span class='ocr_line' id='line_1_29' title="bbox 145 3505 1696 3598; baseline 0.003 -29"><span class='ocrx_word' id='word_1_284' title='bbox 145 3507 237 3573; x_wconf 87' lang='lat' dir='ltr'>uitur.</span> <span class='ocrx_word' id='word_1_285' title='bbox 281 3510 375 3573; x_wconf 75' lang='lat' dir='ltr'>Nihil</span> <span class='ocrx_word' id='word_1_286' title='bbox 405 3512 469 3575; x_wconf 86' lang='lat' dir='ltr'>hoc</span> <span class='ocrx_word' id='word_1_287' title='bbox 501 3510 631 3575; x_wconf 80' lang='lat' dir='ltr'>confert</span> <span class='ocrx_word' id='word_1_288' title='bbox 661 3505 806 3573; x_wconf 82' lang='lat' dir='ltr'>marmor</span> <span class='ocrx_word' id='word_1_289' title='bbox 824 3512 889 3573; x_wconf 90' lang='lat' dir='ltr'>Pu·</span> <span class='ocrx_word' id='word_1_290' title='bbox 943 3515 996 3577; x_wconf 84' lang='lat' dir='ltr'>sei</span> <span class='ocrx_word' id='word_1_291' title='bbox 1032 3514 1229 3598; x_wconf 80' lang='lat' dir='ltr'>typographi</span> <span class='ocrx_word' id='word_1_292' title='bbox 1266 3513 1359 3596; x_wconf 88' lang='lat' dir='ltr'>lapsu</span> <span class='ocrx_word' id='word_1_293' title='bbox 1393 3508 1550 3595; x_wconf 83' lang='lat' dir='ltr'>scriptum</span> <span class='ocrx_word' id='word_1_294' title='bbox 1572 3510 1696 3595; x_wconf 84' lang='lat' dir='ltr'>legitur</span> 
     </span>
     <span class='ocr_line' id='line_1_30' title="bbox 146 3610 1275 3699; baseline 0.005 -24"><span class='ocrx_word' id='word_1_295' title='bbox 146 3610 330 3689; x_wconf 82' lang='lat' dir='ltr'>teolsuum,</span> <span class='ocrx_word' id='word_1_296' title='bbox 358 3612 451 3694; x_wconf 85' lang='lat' dir='ltr'>cujus</span> <span class='ocrx_word' id='word_1_297' title='bbox 475 3624 601 3699; x_wconf 82' lang='lat' dir='ltr'>tantum</span> <span class='ocrx_word' id='word_1_298' title='bbox 619 3610 705 3677; x_wconf 87' lang='lat' dir='ltr'>basis</span> <span class='ocrx_word' id='word_1_299' title='bbox 729 3622 891 3696; x_wconf 85' lang='lat' dir='ltr'>superest,</span> <span class='ocrx_word' id='word_1_300' title='bbox 948 3616 1020 3682; x_wconf 78' lang='lat' dir='ltr'>Til.</span> <span class='ocrx_word' id='word_1_301' title='bbox 1035 3615 1139 3681; x_wconf 86' lang='lat' dir='ltr'>POT.</span> <span class='ocrx_word' id='word_1_302' title='bbox 1157 3614 1275 3680; x_wconf 80' lang='lat' dir='ltr'>xxm.</span> 
     </span>
     <span class='ocr_line' id='line_1_31' title="bbox 145 3710 1436 3801; baseline 0.004 -24"><span class='ocrx_word' id='word_1_303' title='bbox 145 3710 245 3796; x_wconf 71' lang='lat' dir='ltr'>signo,</span> <span class='ocrx_word' id='word_1_304' title='bbox 264 3712 356 3799; x_wconf 83' lang='lat' dir='ltr'>quod</span> <span class='ocrx_word' id='word_1_305' title='bbox 373 3714 405 3777; x_wconf 92' lang='lat' dir='ltr'>ei</span> <span class='ocrx_word' id='word_1_306' title='bbox 418 3713 618 3777; x_wconf 88' lang='lat' dir='ltr'>imminuisse</span> <span class='ocrx_word' id='word_1_307' title='bbox 633 3714 812 3779; x_wconf 80' lang='lat' dir='ltr'>verisimile</span> <span class='ocrx_word' id='word_1_308' title='bbox 828 3730 890 3795; x_wconf 90' lang='lat' dir='ltr'>est,</span> <span class='ocrx_word' id='word_1_309' title='bbox 1210 3760 1228 3801; x_wconf 81' lang='lat'>„</span> <span class='ocrx_word' id='word_1_310' title='bbox 1311 3712 1334 3752; x_wconf 68' lang='lat'><em>*</em></span> <span class='ocrx_word' id='word_1_311' title='bbox 1416 3760 1436 3798; x_wconf 85' lang='lat'>„</span> 
     </span>
     <span class='ocr_line' id='line_1_32' title="bbox 144 3800 1696 3902; baseline 0.001 -25"><span class='ocrx_word' id='word_1_312' title='bbox 144 3825 326 3901; x_wconf 64' lang='lat' dir='ltr'>nuperum</span> <span class='ocrx_word' id='word_1_313' title='bbox 351 3800 468 3895; x_wconf 67' lang='lat' dir='ltr'>minan</span> <span class='ocrx_word' id='word_1_314' title='bbox 495 3815 679 3902; x_wconf 66' lang='lat' dir='ltr'>separatio.</span> <span class='ocrx_word' id='word_1_315' title='bbox 716 3818 769 3881; x_wconf 74' lang='lat' dir='ltr'>oe</span> <span class='ocrx_word' id='word_1_316' title='bbox 794 3816 891 3900; x_wconf 71' lang='lat' dir='ltr'>sajus</span> <span class='ocrx_word' id='word_1_317' title='bbox 1089 3818 1145 3881; x_wconf 80' lang='lat' dir='ltr'>m.</span> <span class='ocrx_word' id='word_1_318' title='bbox 1172 3812 1355 3881; x_wconf 72' lang='lat' dir='ltr'>caussa.</span> <span class='ocrx_word' id='word_1_319' title='bbox 1389 3812 1494 3884; x_wconf 86' lang='lat' dir='ltr'>n1v1.</span> <span class='ocrx_word' id='word_1_320' title='bbox 1526 3810 1630 3881; x_wconf 79' lang='lat' dir='ltr'>sve.</span> <span class='ocrx_word' id='word_1_321' title='bbox 1657 3812 1696 3879; x_wconf 72' lang='lat' dir='ltr'>a.</span> 
     </span>
     <span class='ocr_line' id='line_1_33' title="bbox 147 3915 1692 3997; baseline -0.001 -18"><span class='ocrx_word' id='word_1_322' title='bbox 147 3917 347 3983; x_wconf 81' lang='lat' dir='ltr'>mouumenti</span> <span class='ocrx_word' id='word_1_323' title='bbox 365 3918 539 3981; x_wconf 83' lang='lat' dir='ltr'>Puteolani</span> <span class='ocrx_word' id='word_1_324' title='bbox 555 3919 679 3997; x_wconf 81' lang='lat' dir='ltr'>forms,</span> <span class='ocrx_word' id='word_1_325' title='bbox 707 3932 741 3983; x_wconf 90' lang='lat' dir='ltr'>et</span> <span class='ocrx_word' id='word_1_326' title='bbox 759 3917 890 3983; x_wconf 85' lang='lat' dir='ltr'>erudito</span> <span class='ocrx_word' id='word_1_327' title='bbox 1089 3919 1279 3986; x_wconf 77' lang='lat' dir='ltr'>AVGVST.</span> <span class='ocrx_word' id='word_1_328' title='bbox 1315 3916 1356 3985; x_wconf 96' lang='lat' dir='ltr'>P.</span> <span class='ocrx_word' id='word_1_329' title='bbox 1395 3920 1441 3979; x_wconf 77' lang='lat' dir='ltr'>ht.</span> <span class='ocrx_word' id='word_1_330' title='bbox 1479 3918 1549 3981; x_wconf 76' lang='grc' dir='ltr'>ΤΒ.</span> <span class='ocrx_word' id='word_1_331' title='bbox 1588 3915 1692 3978; x_wconf 81' lang='grc' dir='ltr'><strong>ΡΟΤ.</strong></span> 
     </span>
     <span class='ocr_line' id='line_1_34' title="bbox 146 4014 1550 4105; baseline 0 -20"><span class='ocrx_word' id='word_1_332' title='bbox 146 4032 336 4105; x_wconf 83' lang='lat' dir='ltr'>argumento</span> <span class='ocrx_word' id='word_1_333' title='bbox 356 4019 412 4105; x_wconf 88' lang='lat' dir='ltr'>qui</span> <span class='ocrx_word' id='word_1_334' title='bbox 426 4021 520 4105; x_wconf 86' lang='lat' dir='ltr'>plura</span> <span class='ocrx_word' id='word_1_335' title='bbox 537 4040 636 4085; x_wconf 90' lang='lat' dir='ltr'>nosse</span> <span class='ocrx_word' id='word_1_336' title='bbox 655 4022 774 4105; x_wconf 89' lang='lat' dir='ltr'>cupiet,</span> <span class='ocrx_word' id='word_1_337' title='bbox 797 4020 892 4085; x_wconf 80' lang='lat' dir='ltr'>adeat</span> <span class='ocrx_word' id='word_1_338' title='bbox 1087 4020 1240 4097; x_wconf 70' lang='lat' dir='ltr'>xmus,</span> <span class='ocrx_word' id='word_1_339' title='bbox 1260 4024 1297 4083; x_wconf 82' lang='lat' dir='ltr'>in</span> <span class='ocrx_word' id='word_1_340' title='bbox 1312 4020 1441 4082; x_wconf 81' lang='lat' dir='ltr'>medio:</span> <span class='ocrx_word' id='word_1_341' title='bbox 1463 4014 1498 4084; x_wconf 81' lang='lat' dir='ltr'>S.</span> <span class='ocrx_word' id='word_1_342' title='bbox 1512 4016 1550 4085; x_wconf 80' lang='lat' dir='ltr'>C.</span> 
     </span>
     <span class='ocr_line' id='line_1_35' title="bbox 146 4118 1699 4205; baseline -0.004 -20"><span class='ocrx_word' id='word_1_343' title='bbox 146 4120 306 4205; x_wconf 82' lang='lat' dir='ltr'>prolissm</span> <span class='ocrx_word' id='word_1_344' title='bbox 327 4118 371 4186; x_wconf 84' lang='lat' dir='ltr'>tle</span> <span class='ocrx_word' id='word_1_345' title='bbox 393 4144 435 4187; x_wconf 90' lang='lat' dir='ltr'>eo</span> <span class='ocrx_word' id='word_1_346' title='bbox 455 4123 625 4187; x_wconf 80' lang='lat' dir='ltr'>Laurentii</span> <span class='ocrx_word' id='word_1_347' title='bbox 647 4122 806 4191; x_wconf 82' lang='lat' dir='ltr'>Gronovii</span> <span class='ocrx_word' id='word_1_348' title='bbox 827 4123 892 4187; x_wconf 81' lang='lat' dir='ltr'>dis·</span> <span class='ocrx_word' id='word_1_349' title='bbox 945 4122 1096 4193; x_wconf 77' lang='lat' dir='ltr'>DIVVS.</span> <span class='ocrx_word' id='word_1_350' title='bbox 1115 4123 1364 4193; x_wconf 81' lang='lat' dir='ltr'>AVGVSTVS.</span> <span class='ocrx_word' id='word_1_351' title='bbox 1381 4120 1543 4185; x_wconf 81' lang='lat' dir='ltr'>PATER.</span> <span class='ocrx_word' id='word_1_352' title='bbox 1575 4118 1699 4199; x_wconf 83' lang='lat' dir='ltr'>Argu·</span> 
     </span>
     <span class='ocr_line' id='line_1_36' title="bbox 145 4222 1698 4308; baseline -0.003 -22"><span class='ocrx_word' id='word_1_353' title='bbox 145 4222 357 4288; x_wconf 65' lang='lat' dir='ltr'>mationem</span> <span class='ocrx_word' id='word_1_354' title='bbox 389 4224 545 4289; x_wconf 86' lang='lat' dir='ltr'>insertam</span> <span class='ocrx_word' id='word_1_355' title='bbox 574 4228 682 4290; x_wconf 87' lang='lat' dir='ltr'>&#39;l&#39;omo</span> <span class='ocrx_word' id='word_1_356' title='bbox 710 4228 781 4295; x_wconf 83' lang='lat' dir='ltr'>Vll.</span> <span class='ocrx_word' id='word_1_357' title='bbox 804 4226 892 4289; x_wconf 76' lang='lat' dir='ltr'>Phe·</span> <span class='ocrx_word' id='word_1_358' title='bbox 946 4230 1147 4308; x_wconf 81' lang='lat' dir='ltr'>stuscops&#39;tc</span> <span class='ocrx_word' id='word_1_359' title='bbox 1166 4222 1698 4289; x_wconf 72' lang='lat' dir='ltr'>r11dtatosedcasd.ertenrara-</span> 
     </span>
     <span class='ocr_line' id='line_1_37' title="bbox 147 4323 1695 4413; baseline -0.007 -21"><span class='ocrx_word' id='word_1_360' title='bbox 147 4324 231 4387; x_wconf 67' lang='lat' dir='ltr'>und</span> <span class='ocrx_word' id='word_1_361' title='bbox 264 4328 493 4413; x_wconf 76' lang='lat' dir='ltr'>untiqsilstnm</span> <span class='ocrx_word' id='word_1_362' title='bbox 526 4327 706 4407; x_wconf 79' lang='lat' dir='ltr'>Gronotii,</span> <span class='ocrx_word' id='word_1_363' title='bbox 741 4341 779 4392; x_wconf 83' lang='lat' dir='ltr'>et</span> <span class='ocrx_word' id='word_1_364' title='bbox 814 4325 893 4392; x_wconf 84' lang='lat' dir='ltr'>Bel·</span> <span class='ocrx_word' id='word_1_365' title='bbox 947 4348 1053 4404; x_wconf 86' lang='lat' dir='ltr'>mum,</span> <span class='ocrx_word' id='word_1_366' title='bbox 1076 4350 1103 4392; x_wconf 86' lang='lat' dir='ltr'>s.</span> <span class='ocrx_word' id='word_1_367' title='bbox 1120 4330 1270 4403; x_wconf 79' lang='lat' dir='ltr'>hastam,</span> <span class='ocrx_word' id='word_1_368' title='bbox 1289 4326 1391 4402; x_wconf 72' lang='lat' dir='ltr'>jueta</span> <span class='ocrx_word' id='word_1_369' title='bbox 1409 4342 1487 4401; x_wconf 80' lang='lat' dir='ltr'>ara,</span> <span class='ocrx_word' id='word_1_370' title='bbox 1504 4323 1559 4386; x_wconf 82' lang='lat' dir='ltr'>vel</span> <span class='ocrx_word' id='word_1_371' title='bbox 1571 4342 1695 4385; x_wconf 81' lang='lat' dir='ltr'>mensu.</span> 
     </span>
     <span class='ocr_line' id='line_1_38' title="bbox 145 4422 1304 4514; baseline 0.002 -27"><span class='ocrx_word' id='word_1_372' title='bbox 145 4422 254 4509; x_wconf 66' lang='lat' dir='ltr'>lesum</span> <span class='ocrx_word' id='word_1_373' title='bbox 266 4426 314 4514; x_wconf 68' lang='lat' dir='ltr'>lt).</span> <span class='ocrx_word' id='word_1_374' title='bbox 947 4432 1018 4497; x_wconf 81' lang='grc' dir='ltr'>ΑΕ.</span> <span class='ocrx_word' id='word_1_375' title='bbox 1034 4433 1060 4494; x_wconf 88' lang='lat' dir='ltr'>l.</span> <span class='ocrx_word' id='word_1_376' title='bbox 1078 4430 1180 4510; x_wconf 79' lang='lat' dir='ltr'>(blus.</span> <span class='ocrx_word' id='word_1_377' title='bbox 1195 4426 1304 4507; x_wconf 81' lang='lat' dir='ltr'>Caes.)</span> 
     </span>
    </p>
   </div>
   <div class='ocr_carea' id='block_1_3' title="bbox 150 4722 1696 5005">
    <p class='ocr_par' dir='ltr' id='par_1_3' title="bbox 150 4722 1696 5005">
     <span class='ocr_line' id='line_1_39' title="bbox 182 4722 1696 4805; baseline -0.012 -8"><span class='ocrx_word' id='word_1_378' title='bbox 182 4725 580 4796; x_wconf 76' lang='lat' dir='ltr'>⁸)nsres.airas.c.sa.</span> <span class='ocrx_word' id='word_1_379' title='bbox 661 4726 697 4800; x_wconf 91' lang='lat' dir='ltr'>b)</span> <span class='ocrx_word' id='word_1_380' title='bbox 716 4726 750 4786; x_wconf 84' lang='lat' dir='ltr'>B.</span> <span class='ocrx_word' id='word_1_381' title='bbox 767 4726 801 4787; x_wconf 77' lang='lat'>1..</span> <span class='ocrx_word' id='word_1_382' title='bbox 813 4724 849 4787; x_wconf 82' lang='lat' dir='ltr'>t.</span> <span class='ocrx_word' id='word_1_383' title='bbox 861 4725 966 4790; x_wconf 79' lang='lat' dir='ltr'>mv.</span> <span class='ocrx_word' id='word_1_384' title='bbox 984 4734 1084 4805; x_wconf 71' lang='lat' dir='ltr'>prta.</span> <span class='ocrx_word' id='word_1_385' title='bbox 1165 4727 1198 4800; x_wconf 88' lang='lat' dir='ltr'>c)</span> <span class='ocrx_word' id='word_1_386' title='bbox 1216 4722 1273 4784; x_wconf 89' lang='lat' dir='ltr'>Dio</span> <span class='ocrx_word' id='word_1_387' title='bbox 1287 4722 1419 4787; x_wconf 77' lang='lat' dir='ltr'>t.1.vtt.</span> <span class='ocrx_word' id='word_1_388' title='bbox 1436 4724 1498 4798; x_wconf 65' lang='lat' dir='ltr'>§.a</span> <span class='ocrx_word' id='word_1_389' title='bbox 1580 4724 1614 4796; x_wconf 86' lang='lat' dir='ltr'>d)</span> <span class='ocrx_word' id='word_1_390' title='bbox 1633 4722 1653 4781; x_wconf 89' lang='lat' dir='ltr'>l.</span> <span class='ocrx_word' id='word_1_391' title='bbox 1671 4742 1696 4781; x_wconf 87' lang='lat' dir='ltr'>c.</span> 
     </span>
     <span class='ocr_line' id='line_1_40' title="bbox 189 4828 204 4874; baseline 0 0"><span class='ocrx_word' id='word_1_392' title='bbox 189 4828 204 4874; x_wconf 88' lang='lat' dir='ltr'>r</span> 
     </span>
     <span class='ocr_line' id='line_1_41' title="bbox 150 4828 1445 5005; baseline -0.014 -17"><span class='ocrx_word' id='word_1_393' title='bbox 150 4828 280 5004; x_wconf 32' lang='lat' dir='ltr'>&amp;tat</span> <span class='ocrx_word' id='word_1_394' title='bbox 296 4924 374 5005; x_wconf 78' lang='lat'>71.)</span> <span class='ocrx_word' id='word_1_395' title='bbox 445 4991 450 5002; x_wconf 56' lang='lat'><em>„</em></span> <span class='ocrx_word' id='word_1_396' title='bbox 677 4922 683 4933; x_wconf 81' lang='grc'><strong><em>’</em></strong></span> <span class='ocrx_word' id='word_1_397' title='bbox 1379 4920 1445 4983; x_wconf 80' lang='lat' dir='ltr'>Bb</span> 
     </span>
    </p>
   </div>
   <div class='ocr_carea' id='block_1_4' title="bbox 0 0 2143 5500">
    <p class='ocr_par' dir='ltr' id='par_1_4' title="bbox 0 0 2143 5500">
     <span class='ocr_line' id='line_1_42' title="bbox 0 0 2143 5500; baseline 0 0"><span class='ocrx_word' id='word_1_398' title='bbox 0 0 2143 5500; x_wconf 95' lang='lat' dir='ltr'> </span> 
     </span>
    </p>
   </div>
  </div>
 </body>
</html>
