4267 5500
780 555 1105 634 TRAIANVS.

155 731 226 796 bris
243 726 369 817 ligenti.
399 730 619 816 Argumenta,
645 741 682 794 ut
700 728 762 807 sit,
784 727 903 794 invicta

156 832 240 918 petit
254 836 280 900 1.
299 852 341 896 cx
357 831 555 918 panegyrico
569 831 670 895 Plinii
687 831 775 896 diem
787 833 903 900 xvm.

157 934 365 1020 Septembris
392 935 522 1020 triplici
543 937 670 1018 gaudio
698 935 827 998 laetum
850 931 905 997 ad·

158 1035 299 1104 serentis
315 1045 359 1113 ¹),
377 1039 437 1115 qui
449 1039 632 1120 principem
648 1037 790 1100 abstulit
800 1038 906 1119 pessi·

158 1159 248 1203 mum
295 1137 548 1222 (Domitianum)
593 1140 685 1202 dedit
727 1142 904 1223 optimum,

160 1243 335 1323 (Nervam)
350 1241 517 1302 meliorem
533 1242 656 1322 optimo
666 1242 796 1322 genuit,
810 1243 906 1323 (Tre-

157 1345 283 1428 jsnum)
314 1361 380 1428 qno
407 1341 479 1404 solo
508 1339 668 1408 vocabulo
695 1346 815 1424 genuit
840 1341 907 1403 Pli-

157 1444 396 1532 niusjndionre
411 1443 531 1522 voluit,
558 1456 595 1507 ιιι
615 1442 776 1509 existimat
794 1444 905 1508 Belle·

156 1570 236 1632 yus,
272 1561 307 1610 et
338 1547 479 1610 natalem
512 1547 661 1631 Trsjsni,
696 1561 730 1610 et
763 1546 902 1610 natalem

156 1649 355 1734 adoptionis,
385 1669 444 1712 seu
472 1647 613 1732 imperii.
655 1651 694 1710 11.
722 1649 774 1710 Ex
803 1669 903 1713 numo

157 1751 292 1837 'l‘rejuni
325 1751 412 1835 apud
446 1749 567 1814 Gabala
604 1749 717 1833 Syriae
756 1750 902 1834 signeto,

156 1877 255 1940 quem
273 1855 376 1918 edidit
393 1851 578 1916 Frfilicbius
600 1847 652 1932 b),
675 1863 708 1914 et
731 1853 788 1935 qni
809 1875 903 1937 prse-

155 1971 209 2022 ter
231 1979 351 2022 sunum
367 1954 512 2039 epochae
530 1949 643 2017 ΓΜΡ.
662 1953 836 2036 Traianum
856 1955 903 2017 di·

155 2059 218 2124 citt
242 2057 347 2126 NGP.
367 2051 759 2121 KAtc.TPA1AN00.
779 2054 902 2140 ubsque

155 2161 295 2246 Augusti
322 2158 426 2224 titulo.
466 2155 583 2241 Coepit
610 2157 736 2239 epocha
763 2155 902 2220 Gabalo-

153 2285 226 2326 rnm
245 2263 279 2324 in
297 2275 450 2326 autumno
466 2239 559 2330 VJC.
577 2277 657 2340 707,
685 2279 767 2342 ergo
782 2279 900 2322 numus

153 2366 206 2430 bic
231 2365 374 2448 signatus
398 2375 447 2425 est
469 2361 510 2425 ab
531 2373 685 2425 eutumac
705 2362 747 2429 V.
765 2361 799 2423 C.
823 2363 899 2444 849.

152 2468 234 2532 Cum
259 2485 341 2534 vero
370 2463 526 2545 Traianus
555 2463 589 2524 in
616 2462 681 2526 hoc
706 2483 806 2526 nunno
834 2463 899 2546 jum

152 2569 281 2634 dicatur
296 2571 434 2643 Caesar,
457 2571 594 2629 necesse
612 2579 672 2642 est,
690 2585 765 2628 eum
785 2586 899 2630 cusum

153 2671 353 2755 frumunto
383 2681 569 2732 autumnum
596 2668 636 2734 V·
660 2669 696 2732 C.
720 2669 802 2746 850,
833 2689 898 2753 quo

152 2776 217 2858 jam
255 2772 366 2857 coepit
406 2792 507 2835 cnunc
547 2768 745 2833 Gabelorum
785 2768 898 2836 ΔΜΡ.

151 2874 297 2939 Nuncins
321 2873 422 2958 igitur
449 2871 591 2955 adoptati
617 2870 671 2935 die
697 2872 813 2955 xyllt.
837 2871 897 2935 Se·

152 2978 312 3064 ptembris
334 2974 465 3059 Trajani
484 2973 571 3037 circa
591 2972 689 3036 linem
707 2972 861 3037 Octobris
880 2996 898 3038 a

152 3078 330 3143 Gabalenia
352 3092 401 3141 est
428 3090 597 3159 acceptus,
621 3096 658 3139 uc
682 3076 837 3138 continue
859 3075 909 3139 si·.

152 3195 268 3267 gustus
279 3182 333 3245 bic
345 3201 472 3256 nunnus,
483 3191 655 3261 autequam
669 3198 770 3241 annus
782 3174 896 3245 ΓΜΡι

153 3285 360 3371 exspirasset.

211 3390 264 3451 Au
294 3406 336 3449 ex
357 3382 467 3449 verbis
488 3380 588 3444 Plinii
610 3378 741 3464 adoptio
765 3380 896 3463 Trajcni

150 3491 192 3557 ud
222 3490 312 3553 diem
339 3488 456 3553 xvtn.
479 3482 683 3569 Septembris
712 3482 832 3547 invicte
860 3482 896 3543 li·

151 3608 265 3681 gutur,
298 3591 386 3670 (num
413 3584 501 3651 alind
529 3600 701 3672 praeterea
724 3606 896 3671 argumen-

150 3710 219 3759 tum
242 3692 368 3757 uullum
392 3690 499 3755 odient
519 3689 692 3771 Bellcyus)
713 3688 786 3770 jure
805 3686 896 3750 dubi·

149 3812 221 3861 tare
243 3795 352 3860 liceat.
381 3794 508 3855 Eorum
531 3810 662 3855 sensum
683 3790 711 3852 si
732 3790 896 3874 expendu-

151 3920 240 3975 suus,
275 3894 482 3960 menifestum
512 3892 566 3970 lit,
594 3900 769 3956 'oratorem
799 3912 895 3956 voce·

149 4004 229 4065 bulo
244 4002 362 4083 genuit
377 3994 519 4077 intelligi
532 3994 676 4057 voluisse
694 3992 825 4076 Trsjsni
840 4014 894 4057 ns·

149 4106 267 4181 talem,
295 4121 369 4167 cum
392 4112 518 4163 certum
540 4095 597 4173 sit,
628 4094 802 4178 'l'rsjnnum
829 4096 894 4159 boc

148 4204 202 4271 die
220 4217 331 4269 ustum
349 4200 460 4265 luisse.
484 4201 535 4261 An
550 4220 612 4261 nna
635 4195 895 4281 comprehende·

148 4308 192 4372 rit
208 4307 350 4371 natale·
370 4300 569 4387 adoptionis,
595 4320 693 4383 greve
712 4319 754 4362 cx
774 4318 816 4361 eo
835 4298 893 4359 du·

150 4410 256 4487 bium,
287 4403 376 4494 quod
400 4418 470 4468 tum
494 4402 564 4465 dies
588 4402 646 4465 ille
674 4422 740 4464 non
766 4399 895 4483 triplici

145 4512 275 4595 gaudio
292 4510 419 4583 laetus,
434 4504 495 4569 sed
510 4504 721 4591 quadruplici
735 4500 894 4565 dicendus

147 4614 281 4691 luisset,
305 4608 395 4697 quod
417 4628 496 4673 sane
518 4626 584 4669 nou
607 4604 809 4689 neglexisset
828 4602 893 4665 Pli-

1641 583 1714 659 ¹155

960 727 1034 792 nius
1058 727 1197 793 oratoris
1225 751 1317 798 more
1341 754 1456 800 omnes
1477 751 1609 823 cuptnss
1635 694 1710 808 cass

963 853 1013 895 sss
1029 832 1141 896 berois
1156 831 1206 897 sui
1224 833 1257 895 in
1274 835 1405 899 coelum
1421 836 1619 920 extollendi,
1641 865 1706 928 qno

963 947 1157 1018 argumento
1177 934 1218 998 ad
1241 936 1447 1002 refutandam
1463 941 1612 1007 Punviuii
1634 966 1709 1008 sen·
1826 949 1830 956 ’

962 1035 1097 1098 tentiam
1111 1056 1205 1100 usum
1219 1037 1284 1123 jam
1297 1040 1392 1104 video
1402 1042 1651 1108 Tillemontinm
1666 1057 1707 1124 ο).

964 1139 1103 1200 'Pontum
1127 1158 1210 1224 ergo
1231 1141 1340 1220 abest,
1371 1157 1408 1204 ιιι
1429 1144 1553 1208 Plinius
1578 1148 1707 1231 Belleyi

962 1240 1142 1304 sententiae
1172 1245 1415 1325 patrocinetur,
1448 1259 1484 1308 ut
1513 1246 1709 1313 adversetur

964 1341 1071 1410 etium.
1113 1344 1238 1407 Numus
1275 1345 1473 1410 Gabulorum
1510 1347 1596 1412 diem
1631 1349 1707 1414 ado·

961 1444 1081 1530 ptionis
1097 1465 1164 1507 non
1181 1446 1319 1526 decidit,
1343 1468 1523 1532 quenquam
1544 1450 1630 1513 istud
1650 1474 1708 1515 ne·

962 1555 1026 1631 que
1045 1546 1197 1612 adlirmet
1215 1547 1390 1632 Belleyus;
1414 1564 1522 1614 tamen
1544 1573 1605 1636 per
1630 1573 1708 1637 epo·

962 1649 1042 1712 elme
1060 1659 1180 1712 annum
1194 1645 1224 1711 Γ
1225 1647 1297 1711 ΜΡ
1311 1653 1447 1734 exigere
1463 1654 1609 1732 videtur,
1628 1657 1709 1733 'Prn-

959 1751 1211 1834 jonumssltem
1237 1752 1271 1812 in
1297 1753 1490 1836 Septembri
1505 1755 1578 1838 [jana
1604 1753 1706 1818 inisse

960 1851 1163 1935 adoptatum,
1191 1863 1226 1914 et
1247 1852 1421 1918 Caesarem
1443 1854 1582 1933 dictum,
1608 1869 1705 1940 atque

960 1953 1024 2018 boc
1050 1967 1147 2039 pecte
1175 1953 1345 2021 Victorem
1372 1955 1405 2040 d)
1443 1957 1516 2022 fulsi
1544 1977 1703 2042 arguere,

958 2055 1185 2130 adserentem,
1215 2057 1389 2139 Traianum
1418 2059 1522 2124 tribue
1549 2059 1705 2124 duntaxat
1734 2081 1742 2090 ·

958 2157 1123 2222 mensibus
1139 2157 1240 2221 fuisse
1255 2160 1430 2246 conlegam>
1442 2163 1587 2238 Nervae,
1609 2161 1703 2244 cujus

958 2261 1128 2322 oraculum
1144 2260 1248 2324 secuti
1264 2261 1325 2324 viri
1339 2262 1604 2346 praestantissimi
1613 2261 1703 2325 Dod-

957 2361 1093 2438 mellus,
1135 2361 1304 2439 Neritius,
1323 2396 1327 2404 ·
1343 2364 1482 2446 Pagina,
1523 2364 1703 2427 Tillemon·

958 2463 1036 2540 tius,
1063 2462 1183 2548 aliique
1208 2463 1416 2548 adoptionem
1432 2465 1564 2549 Trujani
1584 2465 1625 2529 ud
1647 2487 1704 2529 ex·

957 2578 1090 2628 eunte·
1121 2563 1312 2645 Octobrim‚
1349 2566 1405 2630 vel
1437 2566 1606 2632 ineuntem
1637 2569 1704 2632 No·

955 2665 1117 2730 vembrim
1156 2667 1404 2731 constituerunt.
1461 2670 1544 2733 Num
1585 2693 1603 2734 a
1648 2670 1703 2735 dis

956 2770 1074 2835 XVIII.
1093 2768 1296 2853 Septembris
1321 2772 1362 2835 V.
1382 2771 1418 2833 C.
1437 2772 1521 2847 850,
1553 2792 1619 2855 quo
1647 2772 1704 2835 sd·

957 2882 1084 2953 optutus
1116 2870 1273 2951 Trajenus
1307 2892 1325 2931 ιι
1358 2872 1499 2954 Belleyo
1535 2872 1704 2948 statuitur,

956 2992 1059 3056 usque
1099 2970 1141 3034 nd
1177 2984 1352 3035 exeuntem
1388 2972 1589 3049 ianuarium,
1634 2994 1701 3059 quo
1779 2976 1788 2989 '

957 3086 1104 3136 mortuus
1145 3086 1196 3137 est
1234 3076 1360 3148 Nerrs3
1403 3072 1517 3135 saltem
1560 3088 1702 3159 quatuor

956 3188 1032 3237 sunt
1052 3195 1181 3238 menses
1202 3175 1309 3240 solidi.
1353 3178 1497 3269 b'amen,
1526 3188 1561 3238 ut
1583 3198 1699 3240 verum

955 3276 1077 3353 fatear,
1105 3298 1171 3339 non
1193 3298 1395 3361 magnopere
1419 3278 1500 3339 milti
1523 3278 1699 3362 probetur,

954 3389 1078 3468 tentum
1100 3376 1237 3443 fiduciae
1261 3380 1295 3440 in
1322 3398 1387 3441 uno
1410 3380 1475 3445 hoc
1497 3380 1698 3445 Gabiniorum

954 3501 1053 3543 numo
1080 3481 1217 3561 reponi,
1244 3498 1307 3544 nec
1329 3483 1405 3543 satis
1427 3481 1525 3547 video
1544 3483 1696 3561 untionis,

954 3603 1013 3649 cur
1035 3580 1120 3647 adeo
1141 3594 1358 3666 properarent
1376 3582 1551 3660 Gabuleni,
1576 3598 1628 3661 ut,
1654 3585 1698 3648 si·

953 3686 1021 3747 mul
1059 3682 1187 3759 audito,
1227 3681 1414 3766 adoptatum
1450 3682 1551 3747 fuisse
1578 3686 1696 3769 Traja-

951 3808 1047 3863 nnm,
1067 3784 1242 3871 perpaucis
1264 3783 1370 3848 sdlroe
1391 3784 1533 3849 residuis
1549 3786 1625 3849 unni
1646 3787 1697 3849 sui

950 3882 1053 3949 ΓΜΡ
1080 3886 1213 3963 diebus,
1244 3886 1351 3949 stetim
1380 3888 1451 3975 ejus
1477 3886 1628 3965 nomine,
1658 3900 1694 3951 et

952 3986 1065 4073 effigie
1096 4001 1261 4051 monetam
1288 3987 1438 4054 ferirent.
1481 3986 1570 4083 Quid
1604 3988 1694 4075 quod

952 4089 1079 4169 serius,
1104 4110 1197 4175 quem
1222 4090 1303 4155 lisec
1330 4090 1545 4167 dictaveram,
1569 4109 1612 4154 ex
1636 4111 1695 4154 nu·

951 4192 1012 4257 mis
1040 4216 1059 4257 a
1090 4193 1233 4256 Sestinio
1261 4192 1418 4274 vulgatis,
1453 4190 1558 4277 iisque
1590 4194 1694 4277 magis

950 4293 1087 4378 integris
1115 4293 1278 4379 comperi,
1304 4294 1338 4356 in
1360 4292 1480 4361 eodem
1503 4292 1568 4356 boc
1590 4292 1694 4357 Gubu-

950 4396 1091 4459 lensium
1111 4418 1211 4459 numo
1235 4396 1409 4479 Trsjunum
1430 4414 1497 4457 non
1519 4394 1694 4461 Csessrem

952 4512 1094 4576 tantum,
1116 4498 1178 4562 sed
1195 4498 1379 4581 Augustum
1396 4497 1532 4581 insuper
1550 4498 1696 4582 compel·
1819 4516 1824 4523 ·

951 4600 1032 4678 leri,
1054 4602 1132 4687 quin
1150 4598 1246 4664 vslde
1263 4618 1336 4663 esse
1351 4597 1546 4676 verisimile,
1565 4598 1695 4663 initium

151 4734 1698 4775 *ffl-——t-——fl—ffl—-fl—

185 4824 215 4893 a)
237 4820 374 4896 (ἔῃσι.
449 4816 483 4887 d)
505 4814 701 4875 lV.Teutnm.
776 4814 807 4884 c>
829 4806 1028 4869 Notalll.ad
1047 4804 1186 4865 Nervam.
1260 4806 1295 4877 d)
1316 4805 1507 4882 qupitomr.
