4267 5500
442 527 517 597 tat
718 596 727 607 ,
1062 504 1375 585 certamve.

440 680 546 743 multo
561 676 741 739 illustriore
753 674 827 739 sire
845 684 1011 750 auctores,-
1034 672 1105 737 sire
1121 692 1188 737 mo·
1244 675 1370 759 leynm,
1392 674 1448 759 qni
1471 676 1600 740 erudite
1625 675 1667 739 de
1685 676 1998 745 hacanmodiase·

440 794 595 845 numenta
617 776 814 862 prodidere,
836 776 997 860 colligere
1011 774 1113 859 javat.
1243 776 1309 839 ruit
1325 775 1362 859 ί).
1391 775 1436 840 At
1449 777 1545 840 Titne
1559 776 1624 860 jam
1640 776 1717 841 iude
1733 778 1773 843 ab
1793 802 1883 845 anno
1900 784 1947 849 V.
1961 784 1996 849 C.

447 918 453 925 ·
503 882 566 945 Hic
581 880 685 965 patria
702 878 865 963 Hispanas
887 879 951 961 jam
970 876 1187 940 sub.Ncrone
1242 878 1306 953 ert
1331 878 1538 962 imperatoris
1562 879 1696 944 nomine
1717 880 1894 965 insignitus
1922 884 1996 947 fuit.

438 986 545 1050 clarae
561 982 698 1051 exetitit.
726 982 811 1045 Nam
838 1004 856 1043 a
884 979 935 1041 Fl.
954 976 1096 1061 loaeplso
1118 996 1187 1040 me·
1244 978 1346 1043 Causa
1373 1000 1454 1047 vcro
1485 980 1689 1047 dedicandae
1725 983 1803 1046 Tito
1837 1000 1994 1063 monetae

438 1089 563 1153 morire
585 1082 768 1169 proditum,
787 1102 817 1145 's
834 1081 1034 1165 Vespasiano
1058 1078 1184 1142 bellum
1242 1080 1384 1165 Trojano
1414 1082 1518 1146 suem
1547 1082 1704 1161 amicitia,
1735 1097 1837 1170 atque
1850 1086 1998 1169 *coniun-

438 1190 512 1255 cnm
537 1187 667 1251 ludaeis
690 1196 830 1269 gerente
853 1185 988 1246 missum
1009 1182 1184 1267 Traianum
1242 1184 1318 1247 ctio.
1362 1184 1445 1248 Nam
1465 1186 1623 1269 Iosephus
1639 1200 1787 1270 utroque
1804 1188 1921 1252 locos
1943 1212 1993 1253 me

437 1285 580 1377 legionis
595 1291 637 1355 X.
656 1284 878 1368 praefectum,
906 1286 963 1369 qui
981 1284 1113 1368 Iapham
1129 1303 1186 1347 ex·
1244 1305 1342 1369 capre
1374 1283 1504 1350 laudato
1541 1287 1716 1369 Traianum
1746 1288 1825 1351 'l'ito
1851 1289 1995 1353 adfuisse

309 1400 314 1415 ·
436 1403 618 1477 pugnaret,
638 1407 712 1472 ⁴qus
734 1386 769 1447 ia
783 1384 1005 1469 expeditione
1030 1385 1185 1449 virtutem
1245 1386 1366 1451 scribit.
1409 1386 1497 1483 Quin
1516 1387 1550 1449 in
1567 1390 1685 1473 laphae
1708 1388 1902 1470 obsidione,
1921 1414 1994 1457 cum

437 1514 528 1557 snam
546 1488 735 1574 cumprimie
759 1486 910 1571 probarit
927 1488 970 1569 Ι).
1010 1484 1102 1549 Idem
1111 1486 1183 1550 alio
1243 1487 1396 1573 oppidini
1412 1490 1477 1573 jam
1497 1488 1540 1553 ud
1554 1504 1700 1555 extreme
1724 1506 1837 1555 essent
1856 1494 1995 1567 redacti,

437 1594 535 1659 etiam
550 1592 626 1656 loco
653 1590 724 1673 eine
740 1587 905 1664 meminit,
932 1606 1008 1651 cum
1024 1587 1102 1651 Tito
1121 1591 1183 1653 'I'a-
1243 1590 1351 1652 Titum
1372 1588 1434 1653 sibi
1452 1612 1470 1653 a
1484 1592 1685 1675 Vespasiano
1704 1592 1789 1653 mitti
1802 1596 1994 1676 postularit,

436 1695 566 1760 richere
578 1690 777 1779 oppugnanti
790 1689 936 1753 subsidio
947 1688 1064 1754 miasua
1076 1702 1126 1754 est
1138 1686 1183 1772 b).
1240 1703 1278 1753 nt
1298 1692 1334 1753 in
1356 1712 1432 1755 eum
1450 1705 1564 1777 captae
1576 1693 1675 1758 urbis
1692 1708 1807 1779 posset
1828 1698 1991 1764 honorem

434 1796 529 1879 Ergo
545 1809 685 1880 propter
700 1793 855 1861 virtatem
878 1790 996 1857 cherua
1012 1792 1183 1877 Vespcaia·
1239 1790 1432 1860 transferre.

433 1916 494 1975 no,
524 1898 583 1983 qui
610 1917 688 1962 mox
707 1894 882 1981 imperium
904 1892 1050 1979 adeptus.
1072 1893 1185 1978 Traje·
1298 1894 1357 1957 *Ex
1374 1914 1460 1960 enno
1479 1896 1626 1983 epochie
1644 1893 1748 1963 EKP.
1760 1900 1855 1963 certi
1869 1922 1991 1977 sumna,
2089 1918 2090 2003 ,

433 2018 513 2063 num
543 2002 713 2064 consulem
750 1996 963 2073 renuntiavit,
986 1993 1088 2079 cujus
1116 2016 1184 2061 me·
1241 2016 1375 2059 numam
1405 1998 1492 2063 hunc
1520 1994 1716 2061 Antiochiae
1741 1998 1859 2083 Syriae
1891 2002 1990 2067 fnisse
2089 2008 2090 2019 ’

434 2100 590 2179 moriam,
611 2100 703 2167 iestis
720 2099 793 2183 ejus
807 2119 929 2164 nomen
955 2098 1182 2177 reticentilrna,
1241 2097 1402 2183 signatum
1427 2098 1506 2165 inde
1533 2098 1574 2162 ab
1600 2112 1755 2165 autumno
1782 2102 1826 2171 V.
1843 2103 1889 2169 G.
1919 2105 1991 2187 829,

432 2207 521 2285 (narn
540 2200 714 2267 suffectam
743 2224 816 2266 cam
836 2202 934 2265 icisse
962 2199 1095 2263 dnhinm
1116 2220 1183 2263 non
1240 2221 1278 2264 ec
1300 2214 1473 2283 praeterea
1493 2200 1579 2266 certi
1598 2222 1724 2277 sumna,
1749 2202 1839 2287 qnod
1864 2225 1907 2267 ex
1923 2204 1990 2267 nnl-

422 2307 499 2388 αι)
518 2306 725 2374 coacervarit
741 2302 1010 2387 Bliuinsjanior,
1031 2302 1088 2386 qni
1104 2322 1181 2365 enm
1238 2300 1272 2365 lo
1298 2303 1458 2386 scriptore
1491 2317 1657 2381 teneram,
1709 2304 1889 2387 Traianum
1925 2320 1990 2367 tum

430 2409 641 2469 consularem
650 2420 754 2472 occat
769 2407 809 2485 ο).
835 2404 980 2472 Videtur
995 2402 1181 2465 etiamtum
1239 2416 1458 2488 propraetore
1506 2404 1633 2468 rexisse
1675 2404 1816 2487 Syriam.
1876 2410 1988 2493 Neque

431 2504 521 2568 inter
548 2508 702 2589 patricios
728 2507 830 2570 iaisac
866 2504 1064 2587 adscriptus,
1103 2522 1183 2587 qno-
1240 2504 1327 2567 istud
1350 2506 1457 2569 eclam
1471 2504 1599 2589 insigni
1628 2505 1705 2571 hnic
1733 2506 1869 2571 cimelio
1895 2508 1988 2597 debe·

431 2605 517 2670 niam
535 2606 624 2671 idem
637 2608 762 2672 Plinius
780 2606 990 2671 eodemloco
1009 2603 1182 2688 patricium
1241 2627 1328 2684 mna,
1359 2628 1475 2671 verum
1502 2606 1597 2670 etiem
1630 2606 1813 2693 qnodejoe
1837 2610 1986 2675 serires

435 2729 513 2777 cuna
550 2727 683 2797 quoqne
717 2709 870 2795 appellat.
926 2707 980 2768 Ex
1010 2705 1182 2772 consulatu
1240 2708 1273 2770 in
1290 2707 1515 2796 syringestan
1542 2708 1697 2786 illnatrnt,
1724 2723 1760 2773 nt
1781 2711 1922 2800 copiose
1944 2712 1987 2778 ri·

433 2826 651 2898 propraetore
686 2813 821 2876 mirsam
848 2810 883 2872 in
906 2810 1050 2890 Syriam,
1084 2810 1183 2875 doco-
1240 2809 1314 2874 dari
1332 2824 1442 2896 potent
1467 2811 1502 2874 in
1528 2810 1655 2877 landate
1678 2809 1809 2896 Belleyi
1833 2815 1984 2879 disserta-

431 2936 506 2978 mur
526 2935 629 2978 namo
650 2913 788 2998 insigni,
812 2905 869 2998 qni
893 2911 1000 2976 editus
1020 2909 1125 2976 exalat
1146 2911 1180 2972 in
1239 2913 1348 2990 tione,
1380 2932 1422 2976 ex
1443 2932 1506 2995 qne
1534 2913 1568 2974 in
1582 2913 1650 2978 hac
1665 2913 1856 2982 hraeritate
1886 2917 1986 3000 pau'ca

430 3015 742 3082 muscoPcmbroclt
757 3011 806 3092 d),
832 3012 1055 3096 atjrmentes
1068 3010 1180 3096 cogni·
1238 3015 1345 3077 oolam
1366 3033 1521 3098 excerpo.
1554 3013 1683 3078 Plinius
1707 3015 1790 3080 hacc
1812 3017 1860 3082 de
1877 3019 1986 3104 Traja-

430 3133 482 3184 tus
501 3116 699 3202 spanhemio
714 3119 755 3196 ο).
1236 3135 1281 3178 no
1303 3115 1633 3200 Ang.‚praedicate)-·
1661 3115 1781 3180 Nonae
1800 3121 1983 3186 incunabu-

568 3252 583 3269 ·
602 3224 617 3266 '-
637 3253 652 3268 ·
670 3217 759 3282 mr„
783 3214 886 3280 Poll.
903 3246 945 3262 ··
975 3216 1083 3297 Caput
1102 3215 1179 3277 ‘Tur’
1234 3217 1367 3281 laheee
1384 3221 1460 3296 tibi,
1480 3219 1613 3293 Caesar,
1632 3229 1666 3281 et
1681 3220 1894 3301 rudimenta,
1910 3243 1979 3286 eum

574 3321 776 3382 laureatum.
1230 3339 1313 3401 puer
1334 3320 1511 3382 admodum
1537 3319 1696 3384 Parthica
1717 3321 1818 3384 lauro
1837 3323 1980 3404 gloriam

430 3416 525 3486 Em.
572 3413 827 3482 TPAIANOT.
868 3411 1173 3481 ΑΝἸΪΙΟΧΕΩΝ.
1228 3421 1500 3504 patrisaugeres,
1519 3440 1698 3502 nomenque
1716 3419 1981 3504 Germauieijam

429 3521 501 3589 ET.
519 3521 621 3586 EKP.
638 3527 730 3585 intra
748 3537 912 3583 eoronam.
933 3515 1005 3582 ΑΕ.
1233 3535 1304 3584 tum
1317 3542 1487 3598 mererere,
1503 3526 1763 3608 cumseroeiem,
1783 3527 1978 3606 superbiam·

489 3627 672 3710 Perperem
704 3620 813 3687 editor
835 3618 906 3704 ejus
931 3619 1036 3684 musei
1061 3619 1175 3682 Domi·
1233 3642 1296 3702 que
1320 3621 1519 3685 Parthorum
1543 3623 1580 3704 *J
1598 3641 1641 3686 eu
1654 3629 1817 3706 proximo
1844 3628 1976 3688 auditus
2088 3659 2089 3672 κ

323 3801 329 3812 θ
426 3727 550 3792 tianum
570 3725 605 3788 in
629 3723 733 3790 antica
759 3721 910 3786 exhiberi
937 3735 1071 3802 cenact3
1099 3741 1174 3784 nam
1234 3743 1353 3808 magno
1369 3737 1494 3787 terrore
1514 3725 1691 3802 cohiberes,
1711 3727 1926 3807 Rhenumque
1942 3741 1976 3787 et

428 3848 493 3914 quo
507 3840 658 3910 tempore
674 3846 791 3888 numus
809 3823 863 3888 hic
881 3824 1024 3908 signetur
1038 3836 1104 3900 est,
1126 3822 1174 3884 ui·
1232 3825 1436 3906 Euphratem
1462 3826 1697 3889 admirationis
1723 3839 1804 3888 tuae
1819 3829 1975 3890 societate

426 3930 547 3993 mirum
567 3929 615 3996 V.
632 3928 667 3990 C.
684 3927 774 4009 ilco,
812 3925 1019 4010 imperatoris
1044 3923 1174 3988 titulum
1233 3927 1455 4010 conjungeres.
1475 3925 1878 4012 Habemnsergocertum
1892 3927 1975 3990 teati-

425 4030 632 4096 Domitianns
655 4048 725 4091 non
754 4027 883 4104 habuit,
911 4025 953 4090 ed
976 4047 1073 4112 quem
1098 4027 1176 4111 lapi·
1232 4027 1394 4104 monium,
1422 4027 1596 4118 Traianum
1612 4039 1747 4113 'patrem
1768 4043 1881 4096 contre
1901 4031 1972 4090 Par-

427 4136 505 4200 dem
531 4127 832 4198 nolimoffendisse
855 4127 960 4212 ipsum
985 4128 1083 4192 etium
1099 4129 1176 4192 Bel·
1234 4129 1308 4194 thoe
1326 4130 1473 4207 stetisse,
1499 4128 1692 4216 laurumque
1714 4152 1753 4196 re
1780 4131 1867 4194 bene
1886 4143 1971 4214 gesta

462 4358 953 4437 a)nelt.1udt.·111.c.etet.
1063 4357 1099 4427 b)
1120 4355 1175 4414 loc.
1195 4359 1623 4434 cap.9.§.8etcap.10.§.3.
1734 4361 1766 4427 c)
1788 4357 1967 4436 Praepro-

427 4451 461 4522 d)
475 4451 558 4508 Part.
570 4449 621 4508 111.
637 4447 753 4510 tahar.
841 4447 872 4518 e)
891 4445 1142 4526 Tom.11.p.329.
1235 4446 1370 4519 ortem.
1383 4445 1418 4502 lt.
1432 4445 1463 4501 L.
1478 4445 1613 4504 MXX.
1626 4463 1656 4521 p.
1667 4455 1729 4507 271.
1818 4443 1968 4519 g)Paneg.

425 4561 452 4596 c.
462 4548 504 4601 lh.

458 4667 492 4734 *)
511 4665 568 4721 Pro
591 4665 767 4720 Parthorum
785 4661 945 4738 legendum
959 4679 1033 4722 esse
1056 4663 1245 4740 harbarorum
1264 4678 1325 4718 non
1345 4661 1447 4738 inique
1469 4659 1589 4736 conjicit
1610 4660 1736 4718 Martias
1761 4659 1917 4718 Gessnerus
1937 4654 1966 4706 in

426 4751 497 4808 edit.
515 4751 600 4808 Plinii
615 4751 730 4828 Lipsiae
746 4763 822 4814 mo.
1749 4752 1753 4767 ⁸
