4267 5500
426 507 501 588 rot
953 453 1187 572 uuvsvs
1224 496 1446 572 tvurora

432 693 521 738 mutu
562 670 691 731 Drurua
726 665 837 730 reuiur
867 665 1016 730 caeraris
1044 665 1175 728 titulum
1298 639 1520 734 verisimilior
1545 663 1680 750 quidem
1708 679 1798 732 earet
1817 665 1980 730 Barduiui

430 793 595 860 uunquam
623 767 735 832 habuit
764 767 902 830 testibua
923 765 1046 844 nuruis,
1066 788 1175 852 neque
1234 769 1403 848 sententia,
1418 790 1489 832 enm
1499 768 1698 853 epigraphen
1709 767 1901 832 adDruarim
1911 771 1978 854 jun.

422 877 664 950 ¹historicorum
702 889 786 932 uuua
822 868 980 954 quispiam
1009 870 1175 946 meminit,
1232 871 1400 956 pertinere
1428 871 1619 936 adserentia.
1667 871 1793 936 Verum
1822 891 1884 934 eur
1903 892 1980 935 eun·

426 979 515 1042 hune
531 977 689 1054 ¹Drusum
717 971 819 1034 suiaae
847 971 1045 1057 adoptatum.
1096 973 1177 1034 Per·
1233 962 1286 1034 tru'
1297 986 1485 1057 receptum,
1510 993 1548 1035 ae
1563 983 1764 1036 constantem
1781 989 1909 1035 merem
1926 973 1980 1036 hie

428 1097 560 1164 peram,
598 1073 719 1152 er‘edu,
758 1072 905 1136 eruditur
936 1069 1095 1136 Beauvaia
1135 1071 1177 1136 ad
1234 1074 1361 1139 Drusus
1392 1072 1511 1136 dicitur
1538 1069 1838 1135 ΑΤΓΟΤΣΤΟΤ.
1866 1067 1982 1134 ΤΙΟΣ

429 1201 564 1243 numum
585 1176 843 1238 Pelleriniauum
864 1175 897 1236 in
922 1175 1051 1237 eeluuia
1073 1175 1179 1257 aigna—
1236 1165 1855 1258 proT1.aTr0T2TOT.T102t
1883 1171 1986 1236 Dein·

421 1296 499 1356 ‚turn
512 1292 684 1365 provocat,
710 1277 744 1340 iu
759 1296 824 1361 quo
840 1278 949 1338 Druso
970 1279 1123 1338 Caesaris
1142 1274 1181 1336 ti·
1238 1271 1307 1350 des
1325 1275 1412 1360 quod
1431 1275 1519 1339 idern
1537 1275 1596 1351 ait,
1623 1296 1769 1338 aversum
1792 1275 1913 1338 sistere
1931 1293 1986 1358 ge·

433 1383 523 1446 tulua
533 1381 664 1444 additur
679 1384 720 1460 ¹).
748 1381 779 1442 Ie
791 1378 825 1438 iu
840 1378 995 1440 universo
1005 1374 1180 1438 Penei-inii
1236 1375 1354 1440 mellea
1372 1377 1466 1461 hujus
1480 1376 1591 1454 Drusi,
1606 1397 1733 1438 merum
1751 1391 1802 1438 eat
1818 1396 1986 1440 cummen-

419 1504 535 1567 ·upere
557 1500 714 1566 nusquam
736 1491 955 1556 memoratur,
986 1499 1085 1564 quern
1109 1497 1182 1540 cer·
1236 1491 1325 1560 tum3
1360 1499 1436 1542 uam·
1460 1492 1608 1544 veterum
1626 1498 1726 1541 nemo
1747 1475 1915 1563 prodidit,
1942 1478 1986 1539 al·

431 1599 467 1652 te
481 1583 617 1670 iusignia
641 1582 669 1645 ia
686 1581 736 1645 vir
749 1593 887 1664 propter
903 1573 955 1644 re'i
972 1580 1179 1646 insolentiam
1236 1581 1302 1645 teri
1323 1599 1483 1664 anonymo
1505 1578 1606 1643 tetrae
1631 1599 1752 1644 nemen
1773 1577 1986 1656 Germanici,

433 1685 626 1752 deauribere
653 1703 740 1763 non.
754 1681 974 1764 neglexisset,
1011 1681 1039 1746 ai
1060 1702 1179 1748 revera
1236 1701 1345 1766 neque
1373 1694 1514 1758 constet,
1544 1702 1626 1765 quee
1648 1703 1742 1746 cauea
1763 1681 1867 1745 fuerit
1888 1681 1984 1758 inditi
2103 1683 2104 1688 ’

433 1787 536 1874 Drusi
555 1786 694 1850 senioris
718 1783 746 1846 ia
762 1805 879 1846 uumuu
901 1797 998 1847 estet.
1032 1784 1116 1846 Sane
1134 1784 1177 1849 cl.
1235 1783 1351 1852 infanti
1365 1783 1459 1866 hujus
1478 1783 1636 1860 numinis,
1665 1805 1728 1867 que
1747 1805 1856 1868 neque
1876 1798 1981 1870 pater,

433 1889 593 1955 Beauveia
616 1908 692 1950 eum
713 1885 842 1949 videtur
865 1906 998 1949 numum
1015 1884 1181 1968 iutellige-
1236 1873 1344 1969 neque
1363 1905 1439 1947 avua
1459 1885 1491 1946 in
1509 1873 1640 1947 ¹moneta
1657 1887 1707 1946 usi
1723 1899 1808 1947 suut.

433 2013 493 2070 re,
520 2011 618 2076 quem
640 1988 838 2052 Pelieriniue
860 1986 894 2046 iu
917 1987 1065 2071 quapiam
1093 1987 1180 2048 Afri·
1299 1985 1464 2054 Vailiantii
1480 1986 1674 2062 lectionem,
1694 1985 1874 2048 seeundum
1887 1981 1984 2070 quarn

436 2112 494 2158 ete
530 2088 658 2155 colonia
686 2109 799 2152 eurum
829 2102 1083 2165 commemorat,
1119 2087 1180 2150 eetl
1237 2081 1983 2171 Druuuajun.rlieiturKAIZAP.ATFOTE-

427 2213 536 2278 ¹quem
563 2193 669 2273 ipaum
701 2190 754 2254 vir
780 2188 927 2252 eruditur
953 2210 1020 2251 uuu
1041 2189 1181 2267 seniori,
1209 2241 1211 2244 .
1239 2186 1352 2265 ΤΟΣ,
1389 2195 1456 2251 u'uu
1492 2209 1618 2267 moror,
1650 2209 1724 2251 nuru
1755 2188 1903 2273 sphalma
1938 2188 1986 2250 ui·

439 2295 500 2358 aed
516 2292 636 2374 juniori
652 2292 763 2352 Druau
779 2291 918 2373 largitur
933 2287 976 2370 ι>).
1000 2290 1109 2352 etium
1125 2313 1183 2354 nu·
1239 2289 1546 2368 serteuuurum,et
1564 2289 1652 2376 quud
1673 2289 1865 2374 vireedere
1886 2309 1986 2374 pesae
2103 2343 2104 2364 ,

439 2415 528 2458 mum
556 2393 634 2456 uitat
662 2404 776 2454 auctor
800 2394 906 2453 musei
931 2392 1117 2474 Theupuli,
1148 2393 1183 2454 iu
1239 2391 1388 2456 videatur
1414 2393 1594 2467 invirum,
1622 2391 1678 2477 qui
1704 2391 1988 2475 vitamiuexpli·
2103 2381 2104 2460 i

441 2515 506 2580 quo
525 2493 614 2576 juxta
636 2490 939 2574 capitu'Antuniae,
962 2506 996 2556 et
1012 2495 1113 2555 Drusi
1133 2515 1184 2556 ee·
1240 2493 1351 2580 candia
1380 2493 1487 2556 numia
1516 2507 1603 2556 tauta
1634 2515 1707 2556 uum
1733 2494 1831 2556 laude
1861 2495 1987 2577 exegit.

441 2595 547 2660 nioria
563 2593 790 2678 praetenditur
810 2594 1005 2677 epigraphe:
1026 2591 1184 2657 ANTtt-
1240 2595 1361 2656 Mirum
1392 2594 1507 2668 etiam,
1546 2595 1580 2688 in
1610 2617 1724 2660 averse
1751 2615 1826 2659 eum
1848 2594 1987 2658 Tiberio

438 2695 519 2761 NI·
534 2731 548 2745 ·
562 2690 724 2759 -ΔΡΟΤ,
738 2689 868 2761 Kale.
888 2691 987 2761 ΙῈΡ.
1011 2700 1040 2780 c)
1070 2708 1103 2759 at
1126 2697 1184 2762 ‘rix
1240 2697 1341 2759 Druai
1369 2695 1437 2780 jun.
1460 2695 1528 2760 fitia
1557 2699 1712 2783 conjungi
1732 2697 1988 2772 Germanicum,

441 2799 541 2861 iidem
553 2794 748 2861 'merebitur
769 2812 1014 2872 munumentum
1032 2820 1114 2864 aevo
1130 2798 1184 2863 ad·
1242 2800 1297 2883 qui
1315 2798 1374 2861 illu
1390 2798 1533 2862 noudum
1549 2813 1624 2863 natu
1643 2814 1784 2863 mortem
1801 2800 1867 2881 jam
1885 2799 1988 2863 obivit

440 2916 569 2978 rutrum,
599 2898 688 2985 quud
706 2898 814 2963 addita
839 2916 957 2983 punctu
977 2904 1053 2967 eatis
1077 2917 1185 2991 osten·

399 3079 403 3088 ,
443 3003 541 3078 dunt,
565 3002 657 3085 cujus
679 3022 790 3065 veram
808 3004 1009 3088 epigraphen
1029 3006 1112 3068 uiatit
1128 3028 1186 3066 nu-

384 3166 391 3177 ,
444 3126 515 3169 mua
523 3104 754 3187 integerrimus
765 3107 869 3169 musei
877 3100 1185 3181 CaesareitssPOT.

443 3201 589 3268 ΚΛΑΤ.
611 3200 641 3263 Γ
642 3202 712 3271 ΕΡ.
737 3202 978 3283 ΑΝΤΩΝῙΑ.
1009 3208 1189 3271 Enimvero

443 3306 471 3369 ai
495 3308 615 3367 Caesar
646 3326 788 3387 unquam
821 3305 938 3371 fuisset
963 3309 1017 3371 hie
1044 3311 1188 3388 Drusus,

446 3426 523 3470 eum
550 3405 680 3468 titulum
705 3406 739 3467 in
772 3406 879 3489 gentis
900 3430 978 3473 auae
997 3408 1098 3495 depua
1122 3432 1188 3473 non

449 3496 611 3570 umiaiaeet
631 3506 717 3569 filiun
743 3507 916 3588 Claudius,
945 3512 1002 3597 qui
1022 3513 1063 3577 ad
1088 3514 1192 3598 impe·

448 3610 534 3672 rium
563 3626 695 3673 evectus
724 3606 865 3695 eupiuuia
892 3613 926 3674 iu
948 3615 1037 3677 omni
1057 3618 1192 3682 metallo

448 3712 554 3777 nuruis
573 3712 673 3794 patrie
688 3714 878 3776 memoriam
893 3720 1098 3783 restauravit.
1127 3722 1196 3783 De·

449 3814 526 3875 iude
549 3833 614 3875 uun
632 3812 746 3892 video,
775 3838 838 3902 qua
859 3818 987 3884 ratione
1003 3820 1069 3885 diei
1089 3822 1191 3906 posuit

452 3916 606 3995 Augusti
616 3915 718 4000 filius
733 3913 772 3991 ia,
788 3917 844 4002 qui
858 3918 892 3980 iu
908 3922 1082 3987 Caeterum
1100 3924 1192 3987 iami-

449 4014 525 4075 linrn
540 4032 603 4097 per
621 4010 831 4097 adoptionem
849 4040 915 4083 nun
936 4022 1095 4090 traneivit.
1123 4028 1191 4090 Du·

449 4115 538 4203 uiuur
563 4114 643 4175 item
664 4129 762 4199 auget
780 4118 908 4186 additus
925 4126 1041 4207 lituua‘,
1064 4142 1099 4194 et
1114 4129 1192 4191 airu·

449 4215 601 4300 puviuur,
632 4238 705 4282 narn
724 4219 793 4288 etei
818 4242 885 4286 uun
904 4245 1083 4313 repugnet,
1113 4202 1208 4297 eum·

448 4316 547 4381 suisne
560 4339 737 4402 augurem,
754 4338 862 4391 tamen
877 4327 965 4393 istud
978 4348 1189 4398 monumento

449 4421 599 4505 quopiam
614 4424 747 4507 probari
763 4430 887 4514 nequit.

1241 2900 1407 2983 insyria,
1438 2901 1500 2963 etei
1520 2901 1606 2963 itlius
1635 2902 1801 2980 nativitus,
1833 2916 1867 2964 et
1889 2900 1986 2983 hujus

1242 3003 1349 3065 obitur
1365 3002 1399 3063 iu
1416 3004 1556 3067 eundem
1571 3024 1690 3077 uunnru
1708 3006 1749 3073 V.
1767 3004 1805 3069 C.
1820 3022 1885 3089 772
1909 3004 1988 3067 iuci-

1243 3106 1352 3175 deut.¹

1310 3210 1402 3291 Ergo
1422 3206 1633 3279 tutissimum,
1652 3209 1741 3271 omni
1757 3206 1799 3270 de
1815 3206 1868 3271 hie
1882 3206 1990 3269 numia

1246 3310 1367 3396 judicie
1392 3308 1573 3387 abstinere,
1602 3310 1678 3371 dum
1696 3310 1737 3373 de
1756 3324 1846 3373 eertu
1865 3310 1989 3374 auticre

1246 3412 1458 3496 inscriptione
1480 3410 1621 3497 denique
1643 3428 1781 3477 constet.
1824 3414 1993 3476 Hactenus

1248 3516 1354 3582 editus
1377 3512 1451 3579 labe
1472 3532 1540 3583 non
1569 3534 1700 3589 carere,
1725 3515 1802 3577 satia
1824 3514 1903 3577 inde
1928 3514 1994 3577 eul-

1248 3618 1381 3703 ligitur,
1419 3616 1507 3701 quud
1539 3616 1589 3703 iia,
1610 3617 1760 3701 legendis
1788 3616 1994 3679 eruditurum

1249 3720 1369 3804 judicia
1405 3719 1553 3796 variant,
1584 3734 1618 3783 et
1655 3720 1715 3782 ltua
1745 3718 1845 3781 etiam
1872 3718 1995 3803 aliquid

1247 3820 1378 3885 deditae
1394 3821 1620 3904 conjecturae,
1642 3835 1676 3885 et
1694 3820 1901 3903 supplevisse
1922 3820 1995 3882 lite·

1246 3945 1300 3988 raa
1321 3942 1465 4000 maneus,
1487 3924 1602 3987 saltem
1623 3923 1658 3984 iu
1674 3923 1830 3985 Morellio
1847 3934 1992 3997 eertum,
2019 3924 2028 3941 ’

1247 4026 1358 4113 quiin
1382 4046 1481 4088 numo
1502 4024 1795 4106 Schwnrzburgieu
1824 4022 1992 4086 euufiden·

1245 4139 1299 4192 ter
1319 4129 1403 4211 legit
1423 4121 1656 4193 ΔΡΟΤΣΟΣ.
1688 4120 1883 4192 ΚΑΙΣΛΡ.
1911 4122 1993 4189 AT.

1246 4224 1481 4295 ΓΟΤΣΤΟΤ.
1511 4224 1624 4291 ΤΙΟΣ
1645 4226 1696 4311 d),
1726 4230 1760 4291 itt
1782 4250 1850 4316 quo
1878 4244 1988 4293 tamen

1247 4331 1364 4397 eudem
1395 4351 1495 4395 numu
1524 4332 1669 4395 Liebeuu
1696 4346 1832 4415 praeter
1859 4366 1875 4383 ·
1903 4366 1919 4383 -
1939 4364 1955 4381 ·
1976 4366 1990 4381 ·

1246 4430 1435 4499 ΚΑΙΣΑΡ.
1461 4428 1618 4517 atron
1632 4468 1646 4484 ·
1661 4467 1676 4483 ·
1691 4468 1707 4485 ·
1728 4434 1811 4496 nihii
1834 4434 1921 4499 uerti
1943 4432 1991 4499 vi·

451 4560 1995 4597 Ἢ

486 4635 517 4703 a)
536 4630 610 4691 iiiut.
624 4634 725 4712 abreg.
741 4636 776 4695 Τ.
786 4638 808 4699 1.
821 4644 908 4718 poti.
994 4641 1031 4717 b)
1042 4642 1120 4720 thiel.
1134 4644 1156 4704 I.
1172 4664 1203 4723 p.
1214 4650 1276 4713 260.
1338 4650 1397 4731 2⁰)
1415 4660 1556 4731 pegam.
1646 4642 1681 4717 d)
1699 4632 1797 4722 impp.
1811 4664 1894 4705 uum.
1912 4647 1992 4707 dunt·

452 4725 786 4803 Aug.tub.V11.u.2¹t.i
904 4744 913 4754 ·
1514 4726 1547 4731 ”
1713 4796 1715 4801 Ι
