4267 5500
453 587 527 665 ιισ
1083 560 1401 648 ΤΜῙΔΝῩΒ.

458 762 513 815 ter
527 742 632 821 dabo,
660 761 776 809 rernm
790 739 831 804 iia
846 750 989 815 mntem,
1009 736 1067 823 qai
1080 736 1201 801 famum
1257 734 1328 801 tto.
1362 726 1692 811 continerentur·
1737 733 1831 801 idam
1867 742 2000 821 'tcmpna

421 907 425 914 .
458 842 822 933 aliquodadbiatoriam
834 839 1202 925 illuatriuainnculptnna
1258 837 1329 903 enai
1361 850 1471 902 munt.
1527 834 1573 899 bt
1614 856 1762 901 ιιιιιοι·
1800 837 2000 919 Traianum
2092 928 2093 931 Ἴ

458 948 621 1025 offerant,
656 964 797 1032 quorum
830 944 1015 1027 catalogum
1043 941 1129 1007 dabo
1159 943 1202 1006 ad
1259 938 1341 1002 dicit
1365 939 1453 1001 tttP.
1474 936 1534 1017 tt,
1566 940 1660 1007 nemi
1694 956 1782 1004 acro
1812 941 1906 1005 [ΠΡ.
1927 944 1993 1004 1111
2092 936 2093 941 ’

457 1052 583 1123 caleem
603 1060 755 1111 monetae
769 1044 867 1126 hujua
881 1043 1110 1130 imparntoait,
1135 1064 1201 1106 nnn
1258 1040 1352 1123 Ergo
1369 1038 1528 1124 'l’tajanua
1544 1040 1579 1101 {a
1601 1060 1717 1105 ecrnrn
1737 1041 1907 1107 cententin
1919 1044 1999 1105 intra
2093 1114 2094 1141 ¹

457 1166 568 1224 entem
590 1150 650 1229 iia,
679 1145 738 1232 qni
764 1144 919 1228 vulgaret
943 1158 1070 1209 tantum
1090 1144 1203 1209 inauri·
1259 1154 1328 1205 tren
1351 1140 1413 1205 boa
1437 1159 1568 1205 menaea
1596 1140 1648 1206 bin
1674 1142 1807 1209 iteravit
1826 1144 1999 1229 imperato·
2093 1192 2094 1195 ,

457 1256 608 1339 ptionee,
630 1264 664 1315 et
680 1262 774 1332 typea
790 1245 976 1323 continent,
1000 1246 1114 1331 qualea
1129 1260 1204 1310 nant
1259 1242 1307 1305 rie
1342 1241 1483 1307 titulum.
1531 1244 1581 1306 ῑι
1616 1242 1714 1327 beina
1748 1244 1838 1307 titali
1869 1245 1996 1310 iteratio

456 1356 631 1428 ilomnea,
661 1350 705 1413 de
727 1346 845 1432 quibua
859 1346 955 1411 nobie
978 1364 1065 1409 nune
1080 1366 1203 1423 nermo,
1261 1342 1404 1425 Traiano
1438 1341 1555 1427 obtigit
1593 1362 1636 1406 ex
1676 1344 1823 1409 victoriia
1855 1348 1997 1423 Decitio,

459 1469 495 1521 et
509 1450 694 1537 diapntaodi
713 1469 821 1513 cauea.
1260 1458 1298 1508 ut
1317 1446 1405 1509 iuter
1426 1464 1541 1508 omnen
1565 1445 1730 1511 convenit.
1770 1446 1841 1510 lam
1864 1468 1948 1513 roro
1969 1450 1999 1511 in

461 1548 488 1613 ,’
522 1550 622 1646 Quod
640 1549 913 1624 numinianum,
934 1546 1072 1631 egregie
1087 1546 1204 1613 confir·
1258 1565 1359 1613 nnmo
1389 1544 1489 1613 obtin
1522 1546 1562 1613 B.
1595 1546 1624 1609 ia
1662 1546 1783 1613 dicitnr
1813 1549 2001 1619 naetcvs

458 1670 524 1724 net
542 1673 688 1720 numer
703 1651 755 1715 bia
769 1650 882 1720 rerbia
896 1648 1130 1734 cenapoaitnmt
1260 1646 1358 1717 COS.
1380 1648 1482 1728 Uib„
1506 1666 1647 1733 cumque
1669 1666 1712 1713 en
1727 1648 1841 1719 Dione
1858 1666 1999 1729 constet,

1259 1762 1334 1834 pent
1353 1749 1411 1813 hae
1428 1747 1582 1815 victoriae
1604 1750 1779 1833 Traianum
1796 1754 1941 1818 Romam
1956 1774 2001 1817 re·

458 1815 547 1923 itae.
581 1855 765 1921 causan
797 1852 902 1923 owt.
939 1852 1141 1923 neuvan.
1163 1853 1203 1917 ιι
1260 1869 1395 1919 emm
1415 1848 1459 1914 aa
1484 1849 1586 1915 uae·
1605 1850 1841 1936 rerepente,
1866 1876 1906 1920 a.
1930 1870 2000 1919 rate

318 1963 322 1974 '
456 1953 1201 2030 ttttttva.TttA1ANv8.G1ttttca1ttcve.
1260 1952 1392 2017 demum
1421 1950 1634 2022 Dectcvtt.
1670 1954 1941 2049 cognominatum
1959 1957 2000 2033 a),

458 2059 715 2125 portentet.
736 2055 1201 2121 Tem.1²0t·.v1.tttt².tt.
1259 2072 1397 2117 necatae
1426 2053 1545 2117 iterum
1571 2053 1677 2133 form,
1714 2056 1894 2138 Traianum
1922 2060 2000 2121 intra

491 2156 1053 2225 c08.111.1>.1³.ntcn0tt¹ttt.
1074 2155 1168 2221 nn.
1260 2166 1328 2215 tren
1344 2153 1405 2217 boa
1427 2172 1557 2217 menaea
1578 2152 1744 2245 duplicem
1766 2156 1932 2241 insignem
1953 2178 2000 2221 re·

657 2260 820 2325 Nssnvn
841 2257 1002 2321 PATRE.
1259 2266 1407 2339 portante
1441 2252 1628 2332 victoriam,
1669 2255 1856 2321 consecute
1889 2256 2000 2344 ingena

742 2350 839 2429 SVO.
854 2392 869 2411 ·
886 2392 901 2409 ·
913 2390 930 2411 ·
1258 2354 1396 2433 betium,
1411 2362 1583 2421 reretaum
1593 2357 1749 2435 Romam,
1768 2357 1878 2441 egiaae
1895 2360 1999 2423 uium-

1124 2494 1129 2505 ·
1258 2456 1378 2540 pirum,
1417 2475 1461 2519 en
1489 2476 1555 2541 quo
1583 2457 1699 2521 Dacici
1728 2478 1917 2543 cognomen
1952 2462 2001 2525 ab·
2098 2447 2099 2465 ¹

460 2563 565 2643 Hujua
595 2558 768 2625 marmorio
796 2556 880 2621 idea
909 2576 1114 2643 nequaqnam
1140 2576 1207 2620 ana·
1260 2557 1361 2622 ntulit.
1401 2554 1452 2621 Au
1473 2554 1560 2619 istud
1590 2558 1661 2622 ullo
1682 2572 1777 2643 pacto
1799 2561 1999 2626 ucriaimilet

459 2665 576 2748 bigua5
614 2681 695 2725 ,nam
732 2672 962 2744 praeterquam
997 2658 1086 2745 quod
1121 2658 1206 2725 illud
1260 2681 1301 2725 an
1322 2678 1390 2723 non
1406 2678 1519 2723 rernm
1538 2656 1662 2723 infinita
1685 2660 1796 2745 copia,
1819 2674 1856 2727 et
1874 2663 2001 2728 immen-

461 2767 626 2830 Gruterua
651 2763 736 2826 hinia
764 2761 847 2825 locia
868 2781 974 2844 paene
995 2761 1207 2840 invariatum,
1263 2783 1298 2826 aa
1310 2763 1460 2826 locorum
1476 2757 1626 2826 distantia
1642 2761 1746 2826 latina
1763 2767 1924 2848 temporie
1939 2787 2003 2850 apa·

461 2867 602 2953 integris
615 2879 709 2930 certe
724 2863 810 2928 notit
826 2862 1071 2947 ebmnologicia
1087 2885 1207 2949 propo·
1263 2863 1344 2924 tinnr
1362 2861 1547 2946 postulanti
1577 2862 1731 2930 Viderint
1747 2865 1947 2944 adverterit,
1974 2883 2004 2930 at

453 2971 591 3051 ¹auit·),
628 2966 713 3031 iliad
751 2964 848 3031 etiam
885 2964 927 3028 de
955 2985 1043 3030 nero
1074 2966 1206 3049 inapiei,
1265 2963 1316 3026 bie
1339 2983 1375 3027 ne
1397 2964 1521 3050 laqueia
1543 2963 1730 3047 expediant.
1757 2968 1899 3034 Accedit
1920 2984 1954 3032 et
1971 2973 2005 3032 il·

464 3069 656 3154 consulique
672 3069 797 3133 curarit
810 3066 961 3130 Norieiaa
980 3079 1119 3130 tentante
1141 3087 1207 3128 non
1264 3064 1336 3128 luda
1374 3065 1554 3130 seeundum
1585 3067 1690 3150 ipaum
1714 3068 1855 3154 Pagium
1883 3069 2005 3134 dunrit

465 3171 567 3235 modo
581 3169 736 3234 Fabrette
750 3168 802 3251 b),
823 3169 882 3232 aed
898 3169 995 3231 etiam
1016 3187 1052 3231 ae
1073 3169 1147 3249 ipao
1165 3173 1205 3245 ι).
1265 3166 1390 3227 bellum
1409 3167 1567 3231 Dacicum
1586 3188 1687 3253 utque
1710 3167 1752 3230 ad
1775 3191 1896 3234 annum
1916 3175 1958 3238 V.
1971 3174 2003 3236 C.

462 3273 666 3355 Inquiramna
682 3289 765 3353 erge
779 3271 813 3330 iu
830 3281 923 3330 nctaa
946 3267 1206 3352 chronologicae.
1265 3269 1328 3334 856
1353 3270 1392 3340 P,
1408 3269 1450 3334 X.
1481 3269 1556 3348 aod,
1594 3290 1658 3353 quo
1690 3271 1823 3334 tandem
1854 3273 2003 3356 Trajanua

464 3372 595 3434 Dicitur
612 3369 770 3451 Trejanna
789 3370 905 3442 Tltffl.
920 3368 1023 3434 ΡΟΤ.
1042 3371 1098 3436 vt.
1125 3357 1207 3432 Coe-
1265 3368 1297 3430 in
1319 3371 1488 3434 contulatu
1510 3392 1573 3436 auo
1594 3373 1637 3439 V.
1660 3371 1927 3456 triumphante).
1966 3377 2005 3436 At

462 3471 513 3556 pit
549 3470 604 3534 bic
633 3471 817 3534 tribunatuo
847 3483 988 3533 exeunte
1019 3471 1207 3553 Septembri
1265 3491 1327 3555 qua
1351 3471 1379 3533 ia
1407 3473 1535 3538 ratione
1569 3493 1644 3536 cnm
1669 3471 1730 3537 hac
1761 3495 1819 3538 aua
1852 3477 2003 3539 sententia

462 3575 504 3641 V·
526 3573 563 3640 C.
588 3572 669 3650 tte,
697 3586 731 3636 et
750 3573 1003 3657 cunuijmm
1026 3571 1206 3637 necundum
1265 3585 1450 3656 componet·
1463 3573 1577 3639 obrioa
1601 3587 1651 3639 tot
1671 3574 1805 3658 Traiani
1826 3597 1941 3640 namon
1963 3577 2001 3638 in·

461 3689 617 3761 patrouoe
633 3673 790 3738 adrerm
807 3674 992 3739 tententiae
1006 3675 1208 3757 proueaaerit
1265 3673 1409 3754 acriptce
1428 3676 1630 3746 litoreus,
1654 3675 1749 3740 COS.
1776 3679 1857 3740 1111?
1891 3677 2000 3762 quibua

462 3778 578 3842 centul
599 3775 747 3860 quintum
774 3776 930 3840 Kalendia
952 3777 1107 3841 Ianuariis
1132 3775 1207 3840 anni
1264 3771 1423 3838 docemur
1446 3778 1577 3862 utique,
1603 3779 1780 3860 'l'rnjanum
1800 3791 1877 3844 ante
1896 3799 2002 3844 conau-

460 3880 613 3963 proainae
634 3878 802 3962 aequentin
824 3878 902 3957 556,
931 3897 1077 3942 marmot·
1098 3891 1207 3942 autem
1263 3875 1364 3938 letum
1380 3877 1421 3945 V.
1439 3879 1547 3962 egicae
1568 3879 1787 3962 triumphum,
1819 3879 1998 3966 dictumque

463 4001 539 4045 eam
556 3979 643 4043 dieat
678 3978 773 4056 (308.
801 3981 891 4055 mn,
925 3999 1071 4062 neceaee·
1100 3977 1206 4055 feret,
1263 3967 1438 4054 Dacicum,
1470 3997 1551 4063 ergo
1580 3980 1759 4044 necandum
1786 3981 1895 4065 iprum
1923 4001 1998 4045 anno

461 4081 704 4164 iilndpoaitum
721 4079 825 4143 fuiaae
845 4080 930 4144 intra
946 4080 1144 4154 Octobrem,
1175 4093 1209 4145 et
1264 4078 1306 4146 V.
1325 4079 1361 4144 C.
1378 4079 1442 4144 855
1465 4080 1504 4146 Ρ.
1521 4081 1564 4145 X.
1590 4098 1659 4146 aon.
1700 4083 1853 4160 Deinde,
1885 4085 1915 4148 ai
1931 4087 1999 4148 Tra·

461 4181 684 4246 Decembrem
698 4180 773 4245 anni
789 4181 830 4246 V.
846 4183 883 4244 C.
899 4184 976 4250 855.
999 4185 1094 4267 Ergo
1110 4183 1207 4248 etiarn
1264 4180 1356 4262 janna
1381 4201 1466 4245 auno
1494 4183 1625 4247 demum
1658 4181 1718 4248 aei
1755 4205 1913 4252 revetaua
1940 4199 1997 4256 eet,

463 4285 556 4346 numi
578 4305 675 4368 cupra
696 4282 756 4346 nub
773 4274 815 4347 Lt.
838 4282 1014 4368 deacripti,
1043 4306 1116 4349 curn
1140 4306 1209 4348 ena-
1264 4283 1553 4370 triumphavitque,
1588 4285 1755 4369 nequitur,
1797 4308 1875 4351 eum
1893 4289 1998 4352 Balen-

464 4385 541 4450 dem
558 4399 665 4464 notae,
694 4405 812 4469 nempe
835 4385 906 4448 ΤΗ.
925 4387 961 4450 P.
989 4387 1047 4452 Vl.
1062 4398 1096 4448 et
1111 4385 1206 4448 COS.
1266 4383 1316 4448 dia
1330 4386 1487 4448 ianuar-iia
1506 4387 1576 4470 ejua
1598 4383 1674 4451 anui
1694 4389 1901 4454 consulatum
1919 4393 1958 4459 V.
1971 4391 1998 4450 in

499 4705 693 4780 a)·Pag.177.
708 4718 734 4768 2.
752 4716 783 4764 et
798 4717 859 4780 190.
877 4717 904 4771 3.
994 4701 1030 4776 b)
1049 4703 1088 4762 de
1109 4703 1245 4762 Columna
1262 4704 1458 4780 Traj.p.2w.
1550 4709 1582 4780 c)
1602 4705 1885 4783 Epoch.,Syroutae.
1903 4731 1932 4788 p.
1943 4721 1994 4772 tto.

466 4791 500 4863 d)
519 4792 552 4850 1..
560 4792 689 4854 vattl.
704 4797 730 4866 §.
741 4808 784 4856 to.
877 4797 908 4868 a)
928 4790 1029 4851 critic.
1044 4793 1150 4852 Beroe.
1170 4793 1209 4850 nd
1223 4807 1363 4856 ann.101.
1380 4805 1408 4850 et
1424 4807 1484 4860 tob.
