4267 5500
429 620 504 692 aaz
623 549 631 565 ’
877 590 1539 674 vasessranvssvmon.

594 770 754 855 Argeum
802 801 816 817 .
900 802 914 818 .
991 810 995 816 ,
996 799 1596 818 .......

593 872 753 956 Argentei
773 891 857 934 max.
872 869 997 936 formae

590 974 695 1036 Aeaei
714 975 736 1034 1.
756 971 880 1036 formae

593 1074 699 1138 Aenei
715 1076 754 1136 11.
772 1075 897 1138 formae

590 1178 696 1240 aenei
711 1177 768 1240 111.
789 1175 915 1239 lormae
957 1161 970 1190 ”
998 1205 1397 1222 ·····
1420 1177 1429 1194 ⁸
1474 1204 1492 1216 ·
1575 1203 1589 1216 ·
1707 1215 1715 1230 .

591 1278 774 1342 Commotis
787 1277 972 1360 peregrini,
994 1274 1197 1360 etproriaw
1218 1272 1349 1336 dietum.

869 1523 1277 1635 rasvrAsrA'ars
1318 1565 1530 1633 aaaron.

468 1759 604 1820 Exstant
624 1751 714 1818 numi
737 1751 833 1817 aenei
855 1752 1011 1834 Smyrnae
1037 1750 1171 1833 signati:
1231 1749 1428 1826 connubias,
1460 1748 1705 1835 quampridem
1732 1746 1796 1810 sibi
1823 1746 1982 1813 dilectam

507 1851 884 1919 o'recssactaNoc.
901 1847 1171 1914 NettTel’oc.
1230 1866 1357 1916 mortua
1385 1852 1555 1914 Domitilla
1583 1850 1769 1926 revocarit,
1799 1850 1981 1936 habuitque

512 1957 619 2041 Caput
633 1957 778 2036 juvenile
796 1955 929 2018 nudam
1230 1955 1326 2017 etiam
1339 1953 1519 2037 imperator
1530 1974 1635 2038 paene
1647 1954 1751 2036 justae
1764 1953 1877 2016 uxoris
1893 1954 1982 2029 loco,

423 2053 731 2123 ΟΜΤΡΝΑΙΩΝ.
765 2058 921 2119 Victoria
937 2056 1107 2137 gradiens.
1135 2057 1172 2117 ln
1229 2068 1265 2118 nt
1285 2055 1403 2119 eodem
1420 2056 1497 2120 loeo
1516 2069 1625 2118 narrat
1642 2053 1827 2119 Suetonius.
1850 2057 1979 2122 Verum

423 2161 508 2224 aliiae
529 2159 609 2243 Spes
622 2158 793 2240 gradiens.
809 2155 971 2230 (Haeduin
987 2157 1073 2222 Hist.
1090 2155 1176 2239 Aug.
1233 2178 1273 2220 an
1286 2158 1356 2220 nllo
1371 2172 1466 2242 paeto
1481 2156 1673 2233 verisimile,
1687 2153 1790 2217 lilium
1802 2156 1980 2240 illegitimo

421 2286 453 2348 p.
471 2261 546 2344 733.
578 2261 684 2342 Haym
709 2258 803 2320 Tem.
827 2259 852 2323 l.
875 2277 907 2340 p.
925 2255 998 2333 248.
1025 2256 1176 2321 Pallorin
1231 2258 1329 2321 thore
1345 2271 1455 2321 natum
1468 2259 1503 2320 in
1521 2259 1581 2323 hae
1595 2258 1739 2320 filiorum
1754 2258 1978 2342 legitimorum

421 2365 501 2429 Mel.
518 2365 558 2425 ll.
584 2383 615 2446 p.
630 2369 698 2442 tq)
1232 2359 1319 2434 Titi,
1348 2374 1383 2422 et
1412 2360 1590 2424 Domitiani
1618 2361 1763 2445 potentia
1791 2360 1826 2422 in
1855 2382 1980 2426 nomen

462 2463 614 2539 Eruditi,
644 2462 700 2546 qni
725 2461 759 2522 in
783 2458 844 2522 hos
870 2479 986 2524 numos
1010 2481 1175 2524 commen·
1230 2461 1421 2544 Vespasiani
1437 2461 1640 2546 adoptatam,
1658 2462 1904 2548 eiqnepubliee
1921 2467 1980 2528 de·

421 2565 479 2630 tati
502 2576 593 2639 sunt,
618 2564 723 2626 varias
747 2579 953 2648 proposuere
975 2565 1171 2641 sententias,
1228 2562 1368 2640 dicatam
1385 2563 1570 2628 monetam?

422 2669 514 2750 cnjus
532 2665 633 2729 fuerit
650 2662 737 2726 filins
756 2663 975 2748 Vespasianus
991 2663 1055 2741 hie,
1073 2686 1171 2751 quem
1269 2666 1362 2736 Vero
1384 2667 1539 2751 propiora
1564 2664 1663 2729 donet
1686 2667 1842 2751 Haymirm
1869 2671 1901 2748 ο)
1927 2669 1978 2731 in-

416 2767 814 2859 junioremncompellant
843 2766 878 2827 hi
905 2767 1005 2831 numi.
1048 2771 1172 2833 Censet
1228 2769 1344 2832 duetus
1368 2769 1517 2832 Suetonii
1545 2768 1686 2846 indicio,
1716 2771 1773 2854 qui
1800 2791 1902 2857 agens
1930 2774 1974 2835 de

420 2870 609 2935 lietduinus
626 2871 673 2952 ¹),
692 2873 805 2955 sitisse
817 2888 898 2931 eum
911 2865 1028 2951 filiam
1049 2872 1171 2952 Vespa·
1228 2874 1268 2936 Τ.
1284 2869 1399 2946 Flavio
1419 2870 1590 2934 Clemente
1607 2870 1690 2934 haec
1708 2872 1885 2957 sembitdts
1910 2877 1977 2938 De·

419 2977 521 3051 sioni,
537 2975 597 3037 sed
606 2991 651 3035 ea
664 2972 810 3033 secunda
823 2970 961 3052 conjoge
975 2971 1168 3035 Domitilla.
1226 2974 1325 3050 nique
1337 2974 1491 3036 Flavium
1506 2974 1704 3037 Clementem
1715 2978 1902 3057 patruelem
1918 3000 1977 3039 su·

418 3076 476 3139 Bis
493 3074 528 3136 in
546 3072 656 3157 paucis
675 3069 786 3137 verbis
803 3070 974 3154 insigniter
992 3071 1169 3136 hallucina-
1224 3093 1281 3134 um
1306 3078 1608 3157 contemptissimae
1626 3077 1769 3138 inertiae
1782 3080 1971 3154 interemit,

420 3192 473 3238 tur
489 3175 540 3239 sir
556 3172 720 3249 eruditus,
739 3172 897 3256 primum,
918 3172 1004 3256 quod
1022 3188 1168 3258 quartam
1225 3176 1319 3252 eujus
1323 3172 1424 3258 filios
1438 3180 1625 3242 etiamtum
1635 3178 1797 3261 parvulos
1807 3199 1972 3242 suceesso-

420 3276 569 3340 sobolem
590 3272 739 3357 adfingat
764 3272 983 3355 Vespasiano,
1017 3295 1092 3337 cnm
1123 3291 1169 3340 ta·
1224 3296 1278 3338 res
1287 3278 1403 3357 polam
1417 3279 1654 3353 destinauerat,
1669 3291 1704 3340 et
1716 3278 1843 3341 abolito
1859 3286 1974 3364 priore

419 3396 495 3440 men
520 3374 643 3439 diserte
666 3372 770 3475 tradat
788 3374 981 3451 Suetonius,
1010 3388 1080 3439 tres
1100 3390 1168 3439 tan·
1223 3380 1355 3440 nomine
1377 3381 1520 3442 alteram
1542 3376 1901 3444 VESPASIANVM
1918 3404 1973 3465 ap·

418 3493 487 3541 tum
510 3476 635 3541 liberos
652 3475 854 3560 Vespasiano
879 3475 992 3540 tulisse
1015 3478 1167 3542 Domitil·
1219 3479 1343 3559 pellari
1360 3480 1526 3558 jusserat,
1554 3481 1699 3541 alterum
1724 3481 1970 3547 Domitianum.

418 3581 502 3655 lam,
540 3580 667 3655 Titum,
703 3578 943 3655 Domitianam,
977 3591 1015 3641 et
1039 3600 1166 3663 eogno-
1221 3581 1347 3642 Eorum
1361 3581 1459 3644 etiam
1472 3579 1621 3643 meminit
1631 3579 1880 3670 Quinctiliauus,
1895 3605 1968 3648 eum

417 3684 539 3745 minem
578 3680 674 3745 matri
711 3678 913 3743 Domitillam
937 3676 982 3763 b).
1035 3681 1165 3745 Deinde
1223 3694 1396 3766 utrumqne
1418 3682 1482 3744 sibi
1502 3705 1522 3745 a
1541 3682 1728 3746 Domitiano
1748 3685 1969 3750 erudiendum

417 3784 506 3869 quod
535 3782 739 3847 Domitillam
771 3781 944 3845 secundam
973 3776 1166 3867 Vespasiani
1222 3781 1332 3845 datum
1341 3800 1450 3862 narrat
1458 3785 1511 3846 his
1521 3783 1630 3848 verbis
1645 3785 1691 3865 a),
1709 3787 1790 3848 Cam
1801 3792 1971 3851 oeromilsi

415 3904 554 3948 uxorem
579 3886 740 3968 appellet,
768 3882 907 3967 perinde
928 3885 1018 3968 quasi
1040 3884 1082 3948 de
1099 3885 1165 3968 pri-
1222 3887 1442 3949 Domitianas
1459 3888 1641 3968 Angustos
1663 3892 1790 3950 sororis
1813 3909 1966 3951 suamne·

416 4009 467 4050 ma
493 3986 599 4071 aliqua
629 3986 700 4067 ejus
717 4003 830 4047 uxore
857 3998 1032 4050 constaret.
1072 3988 1163 4050 Haec
1215 4000 1335 4067 potam
1355 3990 1556 4069 delegaverit
1578 4007 1691 4050 euram
1706 4001 1769 4051 ete.
1786 3988 1848 4053 sed
1864 3991 1966 4053 nomi-

416 4110 499 4173 ergo
522 4086 683 4151 sententia
704 4086 793 4148 inter
813 4085 906 4149 solita
925 4084 1085 4150 Hardnini
1105 4088 1163 4171 fig·
1219 4108 1261 4150 na
1275 4087 1404 4153 omittit.
1420 4086 1510 4150 Huic
1523 4087 1624 4171 igitur
1634 4089 1835 4173 Vespasiano
1848 4114 1964 4156 numos

416 4202 525 4254 ments
549 4188 733 4253 amolienda
760 4201 819 4252 est.
863 4188 1014 4251 Eundem
1039 4188 1162 4273 Vespa·
1219 4188 1961 4258 hoseonlidentertrilsuendosesseexistimat.

415 4292 497 4357 sinui
530 4310 660 4377 qnoque
690 4288 793 4351 lilium
823 4288 903 4352 lecit
937 4290 980 4355 el.
1003 4292 1181 4355 Beaurais-
1218 4292 1301 4353 Sunt
1311 4304 1418 4355 tamen
1428 4293 1603 4355 nonnullae
1614 4292 1767 4368 rationes,
1781 4315 1864 4377 quae
1877 4296 1962 4358 istud

415 4414 560 4478 nuperus
602 4395 774 4457 Caesarum
817 4390 1035 4475 biographus,
1094 4412 1159 4455 non
1218 4414 1348 4479 qnoque
1369 4393 1526 4476 judicium
1546 4394 1746 4477 impediunt,
1774 4398 1863 4459 inter
1882 4419 1959 4484 quas

416 4512 523 4559 tamen
555 4516 596 4559 ex
625 4496 814 4571 Domitilla,
850 4491 909 4555 sed
942 4516 984 4557 ex
1016 4494 1159 4558 Caenide
1216 4495 1440 4573 memoranda,
1454 4496 1654 4580 quodfacies
1668 4498 1702 4557 in
1718 4500 1962 4584 numispropo-

452 4747 523 4817 a)·l.
543 4768 569 4806 e.
656 4746 692 4817 b)
709 4747 739 4803 in
757 4750 881 4821 vespas.
899 4768 924 4809 c.
937 4762 963 4814 5.
1052 4749 1121 4820 all.
1142 4769 1167 4807 e.
1258 4748 1292 4821 d)
1312 4749 1467 4807 inDomit.
1487 4762 1573 4810 ert.
1662 4752 1695 4819 e)
1715 4749 1958 4811 instit.nrut.in

415 4836 721 4910 prooem.adL.1V.
807 4846 809 4853 '
