4267 5500
421 602 447 671 t,
955 576 1159 655 IVLIVS
1193 577 1436 663 CAESARt

418 756 463 819 tia
491 750 712 827 incredibilis,
745 748 792 814 sic
819 760 856 813 ct
887 750 1080 834 sauguinem
1105 749 1170 814 nisi

418 855 606 927 obsutentis
628 874 695 917 non
719 849 914 916 effunderet.
937 854 1103 936 inpugna
1127 853 1169 918 ad

414 956 626 1033 Pharsalum,
643 966 679 1018 ut
697 968 891 1037 parceretur
908 953 1051 1032 civibus,
1074 975 1169 1038 prae-

417 1060 509 1125 conis
531 1078 613 1125 voce
636 1058 757 1135 edixit,
780 1060 885 1142 posita
903 1056 1003 1120 simul
1021 1078 1097 1121 eum
1116 1080 1168 1123 aas·

415 1162 477 1225 mis
511 1160 604 1238 odia,
635 1180 711 1224 cum
744 1158 935 1243 victisnon
963 1158 998 1221 in
1027 1159 1167 1242 gratiam

415 1262 517 1331 modo
542 1262 662 1339 rediit,
689 1258 750 1325 aad
781 1281 861 1344 opes
890 1260 986 1325 etiam
1009 1276 1043 1325 et
1064 1264 1167 1326 hono-

415 1467 568 1543 famiam,
600 1486 682 1549 quae
717 1478 805 1529 tanta
842 1462 922 1541 fuit,
951 1479 988 1529 nt
1022 1464 1165 1527 omnium

414 1570 563 1635 virorum
584 1566 723 1643 mulier,
747 1566 891 1629 omnium
918 1566 1093 1630 mulierum
1115 1566 1167 1631 tir

418 1670 605 1745 diceretur,
633 1668 773 1731 alterum
794 1667 906 1732 habuit
925 1670 1039 1735 vitium
1062 1670 1165 1733 multo

417 1770 625 1856 pestilentias
662 1768 890 1848 ambitionem,
932 1792 995 1856 qua
1031 1770 1109 1834 inde
1146 1792 1166 1834 a

417 1873 542 1937 teneris
565 1872 653 1937 orbis
681 1884 846 1937 terrarum
872 1872 1049 1956 imperium
1080 1892 1169 1935 com·

416 1977 535 2061 plexus
571 1987 631 2037 est.
682 1974 768 2037 Huic
803 1986 839 2037 nt
879 1974 1009 2052 litaret,
1049 1974 1166 2050 multa,

418 2076 535 2162 quibus
557 2096 620 2158 per
640 2062 788 2138 naturam
810 2074 1039 2154 abstinuisset,
1068 2096 1167 2160 agen-

418 2180 460 2242 da
477 2180 611 2241 suerunt
627 2175 764 2259 injuste,
786 2174 928 2239 faciendi
950 2190 1095 2260 sumptus
1118 2178 1166 2239 in·

377 2298 380 2303 ’
420 2292 553 2365 gentes,
582 2289 619 2338 ut
637 2278 751 2361 populi
765 2277 926 2343 beneficio
943 2280 1088 2341 honores
1110 2290 1165 2339 aut

419 2392 676 2456 maturarentur,
708 2394 763 2443 aut
783 2393 1062 2465 prorogarentur,
1090 2378 1166 2441 soli-

418 2479 565 2547 citandae
595 2494 711 2565 gentes
742 2482 839 2545 etiam
867 2494 1015 2564 pacatae,
1046 2480 1083 2543 ut
1109 2480 1167 2542 tri·

417 2582 548 2666 umphia
570 2582 739 2646 materiam
761 2581 969 2673 sufficerent,
999 2580 1164 2646 vexandae

419 2685 518 2748 nrbes
541 2684 649 2748 sociae
677 2698 711 2749 et
739 2685 880 2765 amicae,
910 2683 1092 2770 diripienda
1120 2682 1166 2748 fa·

416 2810 480 2865 na,
502 2799 536 2850 at
560 2787 684 2850 aeraria
715 2787 863 2870 publica,
893 2808 930 2851 ae
961 2787 1102 2872 deniqne
1131 2785 1165 2847 in

418 2893 506 2974 ipsos
521 2889 610 2953 cives
626 2909 714 2951 arma
729 2889 895 2953 vertenda.
919 2891 1003 2954 Sane
1020 2888 1165 2953 omnium

417 2991 623 3056 confessione
653 2990 807 3074 princeps
831 2992 946 3057 suisset
971 3012 1012 3055 eo
1034 2990 1164 3075 lastigie

395 3093 643 3180 ‘dignissimns‚
668 3106 701 3156 et
727 3093 892 3172 omnibus,
916 3107 1077 3180 quotquot
1096 3093 1166 3158 lue·

417 3219 473 3276 re,
488 3194 734 3273 anteferendus,
748 3195 777 3257 si
788 3195 960 3276 imperium
973 3195 1165 3258 hereditatis

417 3299 490 3380 jure
513 3294 686 3372 adivisset,
706 3309 746 3358 et
762 3315 834 3360 non
852 3295 969 3358 luisset
986 3297 1085 3360 minis
1110 3319 1163 3381 pa-

417 3381 566 3462 rentium.

479 3502 608 3566 onres
643 3496 736 3561 duxit
775 3501 800 3564 l.
836 3499 1025 3563 Cossutiam
1058 3499 1164 3565 adhuc

418 3614 653 3687 praetextatus,
672 3600 733 3664 sed
751 3621 846 3684 quam
872 3621 949 3664 mox
969 3600 1101 3668 dimisit.
1123 3605 1163 3663 Π.

421 3699 609 3769 Corneliam
618 3703 741 3781 Cinnae
759 3717 875 3789 quater
891 3704 1040 3798 consulis·
1051 3704 1163 3783 liliam,

418 3827 456 3871 ea
473 3818 601 3869 mortua
619 3807 675 3866 111.
692 3808 880 3887 Pompeiam
899 3805 942 3896 Q.
959 3807 1112 3891 Pompeji
1128 3805 1163 3868 fi-

417 3910 495 3972 liam
523 3907 635 3974 Sullae
666 3923 820 3990 neptem,
850 3929 945 3992 quam
979 3909 1164 3992 repudiavit

417 4023 601 4095 suspectam
622 4011 775 4077 adulterii
797 4011 871 4074 cum
897 4013 935 4076 P.
956 4011 1084 4075 Clodio.
1106 4013 1162 4080 IV.

419 4115 637 4196 Calpurniam
661 4117 702 4178 L.
722 4114 851 4178 Pisonis
872 4111 970 4176 liliam
994 4114 1028 4175 in
1048 4122 1164 4177 consu·

417 4215 485 4278 latu
509 4225 547 4290 ¹).
653 4263 657 4271 ⁴

368 4307 377 4320 ’
480 4316 597 4382 Filiam
621 4319 744 4380 lulium
769 4337 816 4380 ex
838 4316 996 4380 Cornelia
1030 4315 1162 4399 gennit,

417 4439 513 4506 quam
547 4421 660 4484 consul
700 4419 860 4504 Pompejo
894 4421 942 4483 Μ.
972 4418 1163 4494 collocavit,

417 4542 500 4605 quae
519 4522 600 4585 obiit
616 4523 658 4588 V.
676 4522 711 4584 C.
727 4543 790 4604 70⁰
806 4517 850 4605 Β).

1289 752 1342 815 Ex
1360 752 1534 839 Cleopatra
1554 751 1798 817 Caesarianam·

1272 1059 1402 1141 signati
1416 1073 1518 1137 usque
1534 951 1719 1156 {inclinium
1738 1060 1781 1123 V.
1797 1057 1833 1126 0.
1849 1057 1925 1141 706.

1369 1261 1477 1344 Caput
1496 1260 1647 1325 Veneris.
1758 1276 1766 1289 ·

1224 1361 1406 1428 CAESAR.
1444 1361 1581 1425 Aeneas
1608 1364 1768 1445 gradiens
1796 1363 1830 1426 d.
1854 1364 1971 1423 Palla·

1222 1467 1334 1540 dium,
1355 1487 1382 1528 s.
1402 1460 1578 1529 Anchisen
1589 1475 1712 1545 gestat.
1737 1442 1809 1529 lli.
1830 1464 1978 1529 Restitu-

1222 1578 1276 1629 tus
1291 1566 1392 1633 etiam
1415 1588 1433 1628 a
1450 1562 1602 1645 Trojano.

1287 1667 1400 1734 Venus
1428 1664 1542 1729 obvius
1563 1665 1597 1725 in
1621 1664 1768 1729 Caesaris
1789 1665 1897 1732 numia
1926 1680 1974 1747 ty·

1217 1790 1294 1855 pua.
1328 1767 1451 1829 Passim
1481 1765 1662 1845 creditum,
1693 1768 1807 1831 Iuliam
1837 1782 1974 1852 gentem

1222 1870 1264 1935 acl
1294 1870 1400 1933 lulum
1425 1870 1561 1931 Aeneae
1592 1866 1713 1945 filium,
1742 1869 1885 1938 Veneris
1916 1889 1976 1933 ne·

1222 1985 1353 2058 potem,
1377 1992 1480 2056 genna
1502 1992 1595 2033 suem
1616 1969 1757 2037 referre.
1792 1974 1866 2056 Ipse
1893 1972 1978 2036 Cae·

1224 2096 1279 2138 sar
1300 2087 1384 2136 teste
1411 2072 1615 2155 sessaniae)
1644 2072 1679 2135 in
1708 2072 1893 2137 laudatione
1922 2074 1976 2137 in·

1223 2177 1319 2241 nebri
1340 2175 1456 2241 amitae
1477 2174 1579 2238 Iuliae
1599 2175 1664 2239 hoc
1687 2174 1788 2239 decus
1806 2176 1913 2259 palam
1928 2176 1975 2258 ja·

1222 2276 1338 2343 aurit:
1371 2279 1513 2340 Amitae
1534 2298 1626 2339 meae
1645 2276 1757 2341 Iuliae
1783 2291 1972 2341 maternum

1219 2401 1326 2464 genus
1347 2399 1368 2439 a
1389 2381 1524 2460 regibus
1547 2392 1672 2455 ortum,
1695 2392 1872 2461 paternum
1896 2400 1973 2443 cum

1222 2485 1289 2545 dits
1303 2481 1550 2542 immortalibus
1565 2480 1776 2559 conjunctam
1792 2492 1853 2543 est.
1888 2480 1972 2544 Nam

1222 2582 1265 2643 ab
1277 2582 1375 2643 Anco
1388 2582 1524 2643 Marcia
1537 2582 1666 2644 Marcii
1678 2593 1758 2645 tuat
1773 2582 1891 2665 Reges,
1908 2603 1972 2663 auo

1223 2684 1355 2745 nomine
1367 2682 1446 2766 fuit
1463 2694 1585 2761 mater,
1606 2704 1627 2748 a
1647 2686 1775 2748 Venere
1793 2685 1893 2762 Iulii,
1918 2706 1973 2749 eu·

1217 2787 1275 2866 jus
1289 2787 1550 2869 gentisfamt'lia
1565 2798 1617 2847 est
1629 2797 1755 2851 nostra.
1779 2785 1891 2878 Quare
1905 2789 1972 2856 Ve-

1222 2887 1314 2963 neri,
1337 2886 1504 2971 genitricis
1521 2887 1671 2964 nomine,
1692 2907 1755 2970 per
1777 2907 1909 2952 omnem
1926 2891 1972 2955 ti·
2027 2923 2032 2930 ·

1222 3003 1288 3054 tam
1310 2990 1449 3052 maxime
1467 2987 1529 3050 init
1548 2988 1706 3067 devotus,
1723 2989 1775 3053 eui
1796 3003 1871 3053 ante
1890 3013 1972 3076 pug-

1220 3113 1296 3155 nam
1309 3091 1529 3154 Pharsalicam
1546 3093 1706 3174 templum
1730 3091 1836 3169 vovit,
1854 3114 1893 3156 ac
1914 3115 1970 3176 po·

1220 3208 1290 3257 atea
1300 3193 1463 3258 dedicavit
1476 3193 1516 3270 d).
1530 3195 1690 3256 aversam
1704 3194 1830 3258 obtinet
1840 3196 1970 3259 Aeneas

1221 3295 1363 3363 Veneris
1381 3295 1467 3358 lilius
1487 3296 1593 3380 gentis
1613 3297 1714 3362 Iuliae
1730 3317 1793 3384 per
1810 3297 1917 3361 lulum
1933 3297 1970 3360 li·

1215 3397 1301 3460 lium
1314 3411 1439 3464 auctor.
1463 3396 1601 3464 Ouidius
1616 3399 1665 3484 e)t

1284 3549 1373 3612 Hinc
1398 3548 1488 3610 videt
1511 3547 1665 3611 Aeneam
1691 3561 1864 3612 oneratum
1888 3567 1969 3630 post·

1667 3651 1745 3712 dete
1763 3651 1883 3726 altaro,

1323 3751 1372 3815 Et
1389 3762 1440 3814 tot
1459 3752 1577 3815 Iuleae
1598 3751 1788 3816 nobilitatis
1806 3773 1899 3818 auos.

1217 3906 1358 3992 Reliqua
1378 3906 1549 3971 innumera
1578 3907 1766 3972 testimonia
1795 3909 1838 3974 (le
1867 3910 1968 3973 lolio·

1216 4031 1292 4072 rum
1321 4031 1364 4073 ex
1396 4011 1547 4087 Venere,
1569 4023 1604 4074 et
1636 4009 1781 4074 Anchisa
1812 4014 1966 4096 prosapia

1218 4109 1294 4174 rifle
1316 4110 1402 4195 apud
1423 4111 1647 4194 Schlegeiium
1668 4112 1702 4174 in
1720 4115 1824 4195 lmpp.
1843 4115 1967 4178 Moral-

1221 4212 1257 4273 lii
1279 4215 1374 4276 Tem.
1397 4215 1421 4277 1.
1449 4235 1481 4298 p.
1504 4214 1545 4276 So
1567 4227 1602 4277 et
1622 4215 1675 4277 58.
1710 4215 1818 4277 Aliam
1847 4235 1967 4299 genea-

1220 4313 1343 4399 logiam
1388 4315 1505 4376 struxit
1543 4319 1665 4388 !auotor
1703 4316 1965 4399 epigrammatis,

1221 4415 1309 4501 qnod
1329 4415 1456 4499 Ephesi
1476 4416 1602 4502 reperit
1622 4418 1823 4495 Poeocltius3
1853 4421 1967 4504 raige·

1218 4519 1331 4603 vitque
1351 4514 1394 4593 f).

457 4747 489 4815 a)
509 4745 733 4825 Suetonaeeapp·
752 4763 782 4814 1,
801 4750 836 4814 6,
856 4757 902 4806 tt.
1002 4745 1037 4819 b>
1057 4705 1402 4808 Diouxxxlxmmt.
1504 4747 1535 4818 c)
1556 4745 1672 4826 Cape.
1776 4745 1812 4818 d)
1832 4749 1963 4826 Appian.
2066 4807 2077 4817 ,

417 4835 489 4894 llell.
507 4835 563 4892 civ.
582 4835 614 4892 L.
631 4835 668 4896 ll.
767 4841 797 4910 e)
816 4839 839 4892 F
842 4848 895 4893 ast.
910 4837 942 4892 L.
958 4835 995 4897 V.
1008 4856 1036 4894 v.
1051 4840 1112 4900 563.

1213 4835 1240 4905 l)
1261 4835 1427 4896 insonant.
1444 4854 1475 4911 p.
1490 4843 1531 4899 w.
