4267 5500
705 553 868 629 tuma
900 556 1034 634 ave.
1065 557 1110 632 r,
1184 503 1188 520 ⁸

596 896 791 963 truta
831 897 1137 965 Arcrsrt
1176 861 1213 967 r.
1258 907 1265 919 ¹

189 1063 275 1128 Nata
296 1081 340 1128 ex
359 1063 508 1150 Angnuo
528 1077 565 1128 et
585 1062 757 1128 Scribonia
777 1064 819 1133 V.
836 1065 874 1130 C.

126 1165 199 1246 7¹⁵·
240 1165 384 1231 Biennio
411 1180 487 1249 port
516 1166 712 1250 desponsata
738 1167 874 1250 Antyllo

126 1269 170 1332 11.
189 1267 330 1330 Antonii
358 1267 426 1330 filio
451 1270 500 1350 ¹),
538 1282 572 1331 et
600 1269 629 1330 ai
658 1273 772 1334 reruln
807 1283 872 1347 cat,

123 1369 208 1450 qnod
230 1390 275 1432 ex
293 1370 489 1433 maratonii
510 1369 640 1452 scriptia
660 1383 770 1433 narrat
791 1371 873 1432 Suc·

121 1468 227 1532 tonina
249 1468 302 1552 1·),
325 1469 423 1534 etiam
445 1469 592 1533 Cotisoni
608 1469 763 1534 Getarum
786 1470 870 1552 regi.

122 1569 186 1633 Sed
212 1571 300 1635 baec
327 1583 449 1635 erentu
476 1591 634 1637 caruere:
667 1593 741 1634 nam
762 1572 870 1634 matri·

122 1670 232 1732 munio
247 1672 380 1736 tandem
397 1673 584 1756 juncta-luit
599 1673 759 1737 Marcello
769 1672 871 1736 Octa·

121 1771 188 1834 riae
217 1771 294 1835 fitia
320 1775 364 1840 V.
388 1775 424 1835 C.
450 1793 532 1857 7aq‚
569 1776 633 1836 boc
662 1788 869 1858 praemature

121 1873 182 1937 rita
208 1873 329 1937 functo
355 1878 402 1940 Μ.
424 1876 591 1959 Agrippae
612 1879 654 1942 V.
670 1877 707 1940 C.
726 1876 806 1957 733,
836 1889 869 1937 et

122 1989 194 2056 post
218 1975 322 2058 bujua
350 1989 491 2037 mortem
514 1978 652 2039 Tiberio
672 1978 714 2044 V.
736 1979 773 2042 G.
793 1978 868 2059 743.

124 2075 244 2138 ssnlier
280 2075 344 2138 fuit
379 2077 523 2140 libidinis
559 2091 745 2154 extremae,
786 2099 869 2162 quac

124 2199 242 2262 corpur
259 2199 356 2238 anam
375 2177 474 2242 obvio
493 2179 612 2262 cuique
628 2182 798 2262 vulgarat,
825 2193 870 2242 at·

123 2301 184 2365 que
214 2301 257 2342 ea
289 2293 429 2363 propter
457 2279 592 2364 adsequi
625 2300 765 2364 pronum
802 2293 869 2356 eet,

125 2401 217 2464 qnam
241 2381 300 2445 illa
325 2383 433 2464 gravit
449 2381 550 2444 luerit
567 2384 751 2466 Agrippae,
778 2401 871 2445 aere·

126 2503 181 2554 ro,
206 2503 246 2545 ac
273 2484 458 2565 priscorum
480 2503 610 2546 morum
635 2484 723 2560 viro,
750 2497 783 2576 et
800 2496 872 2546 erat

127 2603 240 2646 umor
258 2603 300 2645 ea
318 2597 423 2647 aetate
443 2599 669 2663 couetana,.et
692 2605 790 2668 quem
814 2605 873 2647 ne·

129 2705 190 2769 que
225 2685 301 2769 ipae
338 2686 492 2751 Tiberius
527 2685 748 2762 inliciebatur,
784 2685 872 2769 hunc

129 2807 191 2849 non
208 2788 281 2873 alia·
290 2788 398 2872 magia
417 2788 459 2851 de
476 2809 571 2853 eanaa
589 2788 764 2853 aeceaaiaae
783 2788 871 2849 Rho·

129 2886 220 2968 dana,
263 2911 361 2976 qnam
389 2910 433 2953 ne
463 2891 575 2953 uxoria
609 2889 772 2953 infamiam
805 2888 872 2972 pati

128 3012 235 3055 coram
259 3005 439 3076 cogeretur
460 2993 501 3074 c).
530 2990 635 3055 Filiae
657 2992 785 3055 scelera
805 2996 872 3051 An·

128 3108 219 3175 gnato
238 3092 296 3156 diu
311 3072 531 3177 incomperta,
549 3096 681 3159 tandem
696 3115 771 3157 cum
786 3105 871 3153 atro·

126 3195 212 3257 eiora
239 3208 371 3272 errent,
401 3217 497 3280 quam
524 3208 561 3257 ut
585 3196 689 3259 celari
717 3206 867 3278 possent,

124 3308 186 3355 tarn
206 3296 355 3380 graviter
374 3296 549 3380 perculere
569 3310 715 3380 patrem,
742 3310 779 3357 nt
801 3313 867 3356 non

124 3395 305 3477 dubitaret,
331 3398 415 3461 baec
442 3397 558 3461 domus
585 3416 662 3460 attae
691 3395 868 3480 opprobria

121 3498 269 3564 indicare
288 3499 433 3574 aenatui,
456 3499 577 3585 diuque
596 3498 775 3563 abstineret
792 3517 869 3560 cou-

122 3620 239 3683 μοι
254 3600 441 3677 bominum,
460 3602 536 3686 quin
555 3601 596 3664 de
612 3622 651 3665 ea
668 3600 765 3662 etiam
782 3622 870 3663 mor·

122 3716 156 3765 te
180 3701 347 3787 punienda
375 3702 537 3787 cogitaret
558 3703 602 3782 d).
644 3700 790 3765 Tandem
813 3700 869 3763 de·

123 3807 218 3869 tecua
246 3804 397 3867 omnibns
420 3806 491 3886 ejua
512 3802 734 3889 impudicitiae
758 3822 868 3865 exem·

125 3904 205 3987 plia,
236 3906 295 3983 iia,
325 3906 381 3989 qui
406 3927 480 3969 cum
502 3926 542 3969 ea
563 3923 786 3981 consuevere,
816 3917 871 3966 out

125 4006 288 4091 supplicio
313 4006 470 4085 adfectis,
496 4029 578 4093 quoa
598 4008 685 4069 inter
704 4006 766 4067 fuit
782 4004 870 4069 lulua

124 4110 287 4173 Antoniae
314 4112 362 4176 bl.
382 4108 519 4173 Antonii
547 4109 655 4174 lllriri
678 4106 783 4184 lilius,
817 4119 872 4169 aut

127 4212 160 4275 in
189 4210 326 4277 erilium
355 4210 460 4296 pulsia
488 4212 558 4295 ipra
584 4212 619 4273 in
645 4210 871 4274 Pandatariam

930 1066 1103 1152 relegatur
1123 1070 1165 1138 V.
1184 1069 1220 1134 C.
1238 1073 1300 1154 752
1326 1072 1502 1141 comitante
1530 1099 1603 1156 eam
1630 1083 1680 1149 nl.

931 1181 985 1232 tro
1011 1183 1116 1233 matre
1143 1171 1313 1239 Scribonia
1335 1179 1380 1260 e),
1418 1189 1548 1266 tamque
1569 1183 1680 1270 Augu·

931 1284 999 1333 stur
1017 1271 1078 1333 suit
1098 1271 1431 1340 obstinato'adrereua
1456 1302 1588 1347 omnem
1611 1286 1678 1351 cle·

898 1409 902 1414 -
930 1372 1083 1435 mentiam
1107 1372 1231 1448 animo,
1258 1388 1293 1437 ut
1314 1397 1389 1440 cum
1411 1381 1517 1446 aerina
1540 1386 1676 1452 exilium

928 1473 1165 1558 deprecaretur
1186 1476 1343 1560 popu-lua,
1371 1482 1609 1567 responderet,
1632 1491 1677 1552 ci·

926 1577 990 1640 tina
1011 1596 1125 1661 aquam
1149 1577 1217 1661 igni
1241 1579 1377 1643 mixtum
1401 1582 1460 1660 iri,
1484 1606 1581 1670 quam
1602 1608 1675 1654 eam

927 1677 960 1738 in
988 1678 1126 1760 patriam
1156 1694 1366 1764 revocatnm3
1402 1704 1542 1770 cumque
1572 1709 1678 1775 popu.

927 1777 978 1840 lna
999 1778 1041 1840 ad
1062 1779 1290 1842 infirmandum
1321 1783 1393 1865 ejus
1421 1789 1603 1854 sententiae
1631 1795 1678 1855 ti·

926 1899 1042 1962 gorem
1067 1881 1235 1963 copiosum
1261 1882 1371 1966 ignem
1393 1885 1428 1946 iu
1445 1885 1592 1952 Tiberim
1616 1893 1673 1957 de·

925 1979 1061 2060 jiceret,
1084 1987 1477 2082 eousqueopereeverarit
1497 1989 1532 2049 in
1554 2012 1692 2076 propo,

926 2081 1004 2156 aito,
1028 2094 1064 2144 ut
1082 2095 1191 2144 tamen
1209 2085 1320 2148 redire
1341 2085 1613 2154 incontinentem
1632 2075 1675 2157 ex

926 2182 1050 2258 inaula,
1080 2184 1197 2267 inqua
1221 2185 1474 2269 quinquennium
1497 2187 1609 2271 latuit,
1637 2207 1674 2259 et

927 2273 1075 2346 babitare
1099 2284 1223 2370 Rhegii
1250 2286 1368 2350 addita
1383 2283 1500 2355 severa
1526 2293 1675 2360 custodia

926 2387 1135 2470 permitteret
1156 2385 1193 2467 s).
1228 2389 1349 2450 Contra
1375 2390 1479 2452 vetuit
1501 2405 1674 2458 testamen·

926 2500 979 2563 to,
1006 2509 1094 2586 eam,
1120 2488 1256 2572 ejusque
1278 2509 1318 2550 ex
1336 2489 1482 2576 Agrippa
1504 2494 1601 2558 liliam
1614 2501 1674 2576 ,lu-

926 2587 1005 2650 liam
1028 2602 1195 2652 maternae
1216 2588 1435 2673 impudicitiae
1457 2596 1615 2661 aemulam
1638 2600 1676 2660 in

929 2704 1057 2755 auomet
1078 2693 1231 2775 sepulcro
1249 2691 1377 2754 humari
1390 2694 1433 2772 e).
1463 2697 1547 2759 Iram
1573 2697 1674 2783 patria

928 2791 1130 2856 intenderint
1167 2794 1264 2855 etiam
1302 2790 1437 2856 consilii
1473 2800 1673 2880 parricidae,

928 2916 1011 2978 qnae
1031 2895 1065 2955 in
1085 2913 1123 2956 ca
1140 2892 1245 2976 palam
1267 2884 1350 2956 sacia
1367 2895 1472 2957 refert
1486 2897 1612 2960 Plinius
1627 2897 1673 2982 ¹¹).

928 2994 1082 3058 Tiberina
1109 2994 1284 3076 imperium
1311 2993 1448 3082 adeptus
1474 3004 1545 3059 eam
1572 3002 1675 3065 conti·

926 3116 992 3159 nuo
1009 3096 1055 3158 aic
1072 3096 1202 3171 clausit,
1223 3108 1259 3158 ut
1271 3116 1351 3178 prae
1369 3116 1523 3161 aerumna
1538 3113 1572 3162 et
1586 3078 1673 3167 same

926 3198 1063 3261 interire
1089 3195 1207 3258 minere
1233 3212 1410 3281 cogeretur
1427 3190 1673 3267 aodem'adhuo

927 3319 1010 3362 anno
1033 3299 1075 3366 V.
1092 3299 1128 3363 C.
1145 3298 1209 3379 767
1230 3294 1265 3380 i).
1304 3298 1459 3360 Ceterum
1483 3301 1672 3368 Maornbina

925 3402 958 3462 in
989 3422 1029 3463 ea
1062 3401 1234 3497 literarum
1267 3420 1428 3477 amorem,
1471 3404 1671 3491 multamque

925 3501 1163 3581 eruditionem,
1186 3522 1223 3565 ac
1240 3513 1411 3584 praeterea
1431 3504 1543 3565 mitem
1561 3506 1672 3571 buma-

924 3604 1059 3668 nitatem
1082 3603 1304 3678 commendat,
1326 3622 1408 3686 quae
1434 3602 1602 3685 ingentem
1623 3608 1672 3671 fe·

924 3706 1031 3768 minae
1062 3706 1199 3787 gratiam
1226 3701 1266 3765 ab
1293 3702 1362 3784 ipsa
1386 3703 1517 3765 fortuna
1545 3719 1672 3771 auctam

925 3807 1162 3879 conciliavere,
1181 3824 1218 3866 ac
1236 3802 1392 3865 nonnulla
1406 3802 1451 3865 ibi
1468 3803 1538 3893 ejus
1554 3822 1670 3892 argute

927 3908 1014 3970 dicta
1030 3902 1324 3986 commemorati).

991 4008 1107 4069 Proles
1139 4027 1181 4069 ex
1212 4024 1277 4067 uno
1300 4002 1447 4087 Agrippa
1478 4008 1574 4073 enixa
1605 4024 1669 4089 eat,

929 4109 1008 4196 quai
1027 4103 1124 4192 t'upra
1140 4107 1174 4169 in
1191 4105 1339 4190 Agrippa
1353 4105 1515 4173 recentni.

161 4528 194 4595 a)
212 4525 272 4583 Die
286 4524 321 4581 1..
329 4524 462 4584 mm.
478 4528 558 4599 Νι).
674 4524 711 4598 1))
730 4528 760 4583 in
775 4527 850 4602 Aug.
870 4512 950 4589 c.6.3.
1066 4526 1098 4593 c)
1117 4521 1210 4579 Tacit.
1224 4522 1300 4609 Apu.
1314 4519 1337 4577 1.
1353 4530 1397 4583 53.
1417 4516 1475 4576 Dio
1489 4518 1522 4577 L.
1532 4517 1592 4579 Lv.
1609 4524 1634 4593 §.
1645 4536 1671 4596 9,·

129 4612 162 4683 dl
180 4615 498 4693 SuetinAng.e,65.
584 4615 615 4685 e)
633 4613 691 4670 Dio
705 4615 809 4677 1..1.v.
825 4620 850 4686 §.
861 4628 902 4675 ιο.
974 4612 1017 4686 ’1)
1037 4612 1118 4669 Suet.
1137 4630 1163 4668 c.
1174 4614 1218 4675 65.
1232 4610 1289 4664 Dio
1300 4607 1321 4663 1.
1332 4627 1357 4667 c.
1370 4612 1453 4679 §.tm
1540 4614 1575 4685 g)
1593 4610 1672 4671 Suet.

128 4702 181 4760 itio
196 4704 316 4769 um
334 4707 414 4782 §.32
486 4704 523 4780 b)
541 4704 650 4769 tavit
666 4706 747 4778 §.te
819 4705 845 4780 i)
863 4703 958 4763 Tacit.
969 4705 1047 4763 Anu.
1060 4702 1084 4763 1.
1099 4722 1125 4760 o.
1135 4712 1178 4768 55.
1194 4700 1333 4763 Zonaras.
1407 4696 1442 4783 Ιι)
1464 4694 1581 4759 saturn
1595 4698 1672 4798 bill.

127 4808 152 4849 e.
164 4790 203 4855 V.
