4267 5500
459 576 506 645 5⁰
1004 555 1078 629 'bh
1110 552 1436 630 ANTONIVS.

457 747 553 791 mero
571 738 664 792 certe
683 746 749 790 non
763 738 821 792 cst
835 726 880 806 is,
898 746 999 814 quem
1014 722 1205 791 Alexandro
1261 723 1404 809 legionis
1434 721 1524 787 XIX.
1564 719 1619 783 Ad
1644 733 1740 808 typos
1765 723 1854 809 qnod
1881 724 2007 805 attinet,

452 824 572 894 'tribuit
601 828 770 892 Tristsnus
785 832 835 912 ⁸),
873 829 985 913 inique
1015 828 1204 913 ademptum
1260 826 1362 911 pertis
1384 842 1519 910 eversu-e
1535 824 1666 909 equile,
1697 825 1865 911 legionum
1892 840 2008 891 uotum

454 928 648 993 Alexandro
670 932 784 1015 Syrius
805 932 890 1017 regi.
928 930 1068 999 Veniam
1090 929 1203 994 demus
1259 928 1403 1012 insigne,
1437 925 1610 990 interduo
1634 927 1728 1012 signs
1749 928 1920 1007 militaris,
1952 949 2009 993 ex·

455 1030 581 1108 veteri,
610 1030 763 1117 bonoque
792 1034 964 1110 Tristsuo,
994 1044 1027 1095 st
1055 1052 1124 1095 uon
1149 1052 1203 1096 se·
1258 1032 1435 1116 plicatione
1462 1023 1531 1092 noh
1557 1041 1645 1113 eget.
1687 1030 1785 1092 Hunc
1805 1050 1940 1116 quoque
1961 1044 2009 1115 ty·

453 1154 521 1219 quo
554 1132 753 1217 spanhemio
787 1136 863 1220 ejus
900 1132 1057 1218 judicium
1086 1130 1204 1219 adpro·
1258 1154 1338 1219 pum
1354 1131 1435 1216 legit
1451 1132 1595 1198 Severus
1615 1131 1650 1193 iu
1672 1130 1737 1194 suis
1757 1131 1929 1215 legionum
1950 1150 2010 1197 uu·-

451 1233 542 1297 bsuti
556 1234 599 1311 θ).
1258 1236 1335 1314 mis,
1375 1248 1445 1297 tum
1476 1247 1511 1299 et
1541 1232 1675 1297 Clodius
1704 1236 1833 1311 Macer,
1872 1217 2007 1321 sliique.

1252 1338 1296 1398 lu
1318 1351 1412 1420 perte
1438 1335 1575 1401 adversa
1604 1334 1726 1398 eruditi
1746 1335 1854 1400 norim
1876 1349 2008 1421 prsete-

762 1419 896 1485 ttoni.

517 1542 585 1604 Aut
598 1534 682 1601 nulli
703 1538 765 1621 jem
780 1540 844 1601 hoc
859 1557 962 1616 anuo,
987 1538 1107 1624 quippe
1126 1553 1203 1624 post

452 1642 600 1730 perditus
614 1662 694 1718 ree,
724 1640 841 1725 signati
862 1652 953 1717 sunt,
983 1654 1037 1703 out
1057 1662 1126 1705 nott
1146 1662 1203 1708 cx·

448 1759 539 1810 stent
559 1744 661 1822 certi,
679 1741 736 1827 qni
751 1742 826 1806 huic
843 1762 927 1806 enno
945 1739 1136 1807 debeantur.

542 1930 649 2017 Nemi
663 1928 847 2011 legionum,
865 1939 900 1989 et
915 1926 1114 1996 cohortium.

509 2034 661 2135 Ampium
681 2060 716 2109 et
739 2046 903 2109 illustrem
929 2062 1080 2112 monetae
1098 2051 1199 2112 Anto·

448 2153 564 2217 nienue
581 2163 706 2236 perlem
727 2148 928 2212 constituunt
944 2148 1051 2226 numi,
1075 2151 1132 2235 qui
1150 2150 1199 2218 le.

452 2256 603 2340 gionum,
629 2250 898 2333 cohortiumque,
925 2269 1003 2333 quos
1021 2250 1197 2335 subnigris

448 2354 579 2430 habuit,
606 2352 738 2416 uomina
762 2352 918 2433 inscripto
935 2347 1091 2414 offerunt
1133 2356 1198 2417 Eo·

448 2479 523 2525 rum
559 2469 597 2519 ut
632 2451 834 2517 incredibilis
872 2471 1027 2513 numerus
1065 2452 1107 2515 sd
1135 2474 1197 2518 nos

447 2558 617 2643 pervenit,
651 2556 705 2619 sio
743 2553 893 2639 legiones
923 2552 1006 2615 alise
1033 2556 1196 2635 rsriores,

445 2660 530 2725 elice
573 2658 780 2733 rarissimae,
817 2650 905 2718 ilinc
950 2654 1075 2742 unione,
1131 2658 1198 2720 'Est

444 2763 528 2828 hoec
550 2761 661 2827 olnssis
683 2769 837 2844 argentea
858 2769 944 2833 totu,
988 2755 1127 2842 demptis
1148 2759 1197 2821 bi-

444 2865 496 2928 nis
524 2863 642 2930 aureis.
678 2865 889 2947 Nequaquam
911 2858 1067 2927 hoo-loeo
1088 2860 1197 2924 omnio

445 2989 486 3031 es
503 2987 693 3051 persequor,
718 2981 801 3050 quae
819 2959 861 3026 de
879 2959 1065 3044 legionibus
1077 2963 1195 3027 Roma·

442 3069 496 3132 nis
522 3089 564 3132 ex
586 3087 760 3132 numerum
778 3062 926 3128 doctrine
942 3061 1110 3148 disputari,
1126 3063 1195 3131 nni·

447 3169 672 3254 madvertique
698 3183 852 3251 possunt,
881 3190 980 3254 quem
996 3154 1195 3252 cgo'trocts·

443 3285 514 3333 enm
530 3271 570 3330 iu
592 3289 669 3332 cum
690 3269 801 3332 locum
823 3270 959 3350 rejicio,
987 3288 1050 3353 quo
1078 3289 1194 3331 numos

444 3371 614 3456 legionum
629 3370 762 3435 nornine
779 3371 925 3455 insignes
943 3390 984 3432 ex
999 3383 1068 3432 toto
1086 3389 1193 3454 regno

443 3473 628 3537 monetario
646 3487 761 3538 veteru
780 3472 940 3538 collectos
959 3470 1134 3534 ohaooutos
1149 3470 1191 3532 si·

445 3589 540 3642 stam.
582 3577 655 3640 Hoc
671 3574 747 3640 loeo
765 3575 910 3640 recitatio
924 3573 1073 3636 omnibus
1091 3573 1193 3636 Anto·

441 3679 489 3742 nii
516 3676 622 3742 numis
641 3675 832 3763 legionariis
855 3673 983 3738 nonnisi
1000 3693 1118 3756 peuces
1134 3693 1192 3736 no·

385 3847 387 3856 ,
442 3795 492 3844 tes
517 3780 728 3865 adspergsm,
754 3776 891 3863 quesnel
908 3774 1191 3842 eosillustrsndos

443 3894 642 3967 opportunus
656 3879 823 4020 duxero*

699 4028 720 4068 s
908 4027 928 4068 s

582 4086 685 4152 ultr.
715 4081 818 4152 AVG.
852 4083 985 4154 tttvltt.
1020 4083 1061 4150 R.
1088 4081 1127 4147 P.
1146 4081 1186 4147 C.

582 4185 880 4267 Nouisprestoriu.
1034 4251 1040 4264 ι

439 4287 542 4354 LEG.
562 4291 679 4352 addito
701 4307 852 4351 nuntero.
888 4285 1190 4368 Aquilalegionc·

440 4394 494 4454 rie
512 4395 601 4455 inter
616 4393 682 4453 duo
696 4391 796 4470 sigeia
810 4389 986 4452 militaria.

505 4494 589 4556 Sunt
613 4491 763 4576 argentei
789 4510 903 4555 omues
930 4487 1062 4571 dempto
1087 4509 1189 4554 orreo

1256 1438 1339 1501 riom
1366 1458 1410 1501 ex
1439 1437 1526 1501 elato
1556 1439 1591 1499 iu
1623 1458 1723 1522 prore
1751 1438 1877 1503 vexillo
1906 1459 2009 1523 egne-

1259 1554 1367 1617 scuut,
1390 1539 1433 1603 ‹le
1454 1560 1519 1625 quo
1540 1540 1618 1623 lege
1640 1540 1858 1603 disserentem
1879 1542 1926 1603 cl.
1948 1543 2007 1605 Ps-

1258 1642 1409 1707 cieudum
1425 1644 1467 1726 o),
1510 1642 1592 1725 Ejus
1614 1642 1656 1703 in
1682 1642 1744 1705 hot
1771 1662 1891 1706 numos
1911 1664 2008 1708 roca·

1257 1760 1310 1809 tee
1339 1764 1434 1809 conss
1463 1744 1569 1807 minus
1602 1756 1702 1809 certe.
1745 1743 1922 1807 Existimat
1946 1746 2007 1810 Ps-

1258 1845 1390 1909 cisudus
1406 1845 1455 1928 d),
1492 1845 1670 1908 Antonium
1700 1843 1765 1907 hoc
1796 1858 1876 1930 typo
1911 1868 2007 1911 usum

1257 1949 1290 2009 in
1316 1949 1510 2032 Cleopatrse
1533 1946 1687 2030 gretiam
1715 1967 1791 2010 nem
1805 1959 1897 2012 vteste
1915 1952 2006 2014 Plut-

1256 2052 1356 2115 archo
1381 2069 1483 2133 osque
1503 2048 1589 2113 odeo
1604 2049 1641 2120 ,is
1659 2047 1790 2110 mulieri
1814 2070 1891 2114 sese
1915 2050 2007 2115 adcli-

1255 2152 1319 2227 xit,
1353 2164 1406 2228 ut,
1435 2171 1512 2213 cum
1540 2150 1667 2216 soleret
1692 2150 1869 2233 plurimum
1898 2167 2006 2219 terre·

1255 2252 1376 2315 stribus
1403 2252 1525 2335 copiis,
1549 2251 1620 2334 ejus
1645 2250 1748 2335 grstia
1761 2251 1935 2317 rictorisrn
1949 2278 2005 2321 no·

1254 2353 1363 2419 volem
1401 2352 1660 2436 concupisceret.
1710 2354 1836 2420 Verum
1874 2359 2007 2422 Plutar-

1255 2456 1336 2521 chus
1356 2454 1442 2516 istud
1463 2469 1588 2519 tentum
1604 2453 1658 2519 de
1677 2469 1845 2537 postremo
1866 2460 2005 2523 Antonii

1254 2556 1346 2620 bello
1375 2555 1557 2640 iutelligit,
1596 2576 1662 2639 quo
1689 2558 1718 2620 is
1745 2557 1781 2619 in
1797 2557 2004 2642 Cleopatrae

1255 2659 1392 2744 gretiam
1416 2656 1557 2720 molebat
1577 2658 1675 2733 mori,
1702 2680 1803 2743 quem
1821 2672 1914 2723 torre
1934 2661 2005 2724 sor·

1254 2774 1365 2826 tunsm
1388 2758 1540 2845 experiri
1547 2782 1558 2840 3
1589 2773 1622 2822 ot
1643 2761 1739 2839 enim,
1759 2760 1795 2822 id
1815 2783 1922 2847 genus
1943 2764 2003 2829 de·

1252 2864 1364 2928 nerins
1386 2863 1490 2926 multo
1518 2863 1582 2944 jorn
1612 2877 1687 2925 ante
1718 2863 1840 2947 signsri
1861 2880 2002 2950 coeptos

1252 2965 1350 3029 fecile
1386 2964 1493 3047 quivis
1526 2963 1588 3027 sibi
1605 2962 1839 3047 ‘persundebit
1892 2969 2001 3052 Magis

1251 3087 1328 3131 sene
1345 3065 1532 3131 verisimilis
1545 3085 1661 3128 eorum
1678 3079 1728 3128 est
1744 3067 1922 3146 sententis,
1942 3071 2000 3154 qui

1252 3170 1446 3253 opinentur,
1481 3167 1625 3230 voluisse
1657 3167 1836 3231 Antonium
1857 3182 1999 3255 utroque

1252 3284 1330 3354 typo
1348 3272 1477 3354 incluse
1500 3269 1590 3333 uires
1618 3290 1692 3332 sues
1718 3284 1784 3344 tem
1802 3271 1999 3350 maritimas,

1251 3392 1348 3456 quom
1376 3385 1563 3436 terrestres.
1592 3369 1708 3467 ⁸(Quod
1728 3393 1817 3438 nero
1844 3371 1998 3458 legiones

1248 3495 1322 3536 sues
1344 3475 1450 3537 uumis
1471 3473 1653 3557 inscripsit,
1686 3473 1773 3537 istud
1794 3471 2000 3540 ridetur-'fe-

1241 3573 1350 3651 cisse,
1372 3588 1408 3638 ut
1426 3595 1539 3639 esrum
1556 3588 1706 3659 captaret
1720 3573 2002 3642 benevolentium.

1249 3675 1349 3759 cnjus
1387 3675 1521 3762 quidem
1558 3676 1594 3739 in
1632 3677 1754 3740 milites
1788 3697 1868 3742 suos
1900 3677 1998 3743 ,sufe-

1238 3789 1319 3841 -ctus
1348 3798 1423 3843 cum
1452 3799 1551 3863 coepe
1581 3777 1658 3841 elius
1688 3778 1811 3843 uberes
1831 3781 1909 3844 tulit
1923 3781 1998 3846 im·

1247 3891 1337 3958 ctus,
1370 3893 1440 3943 tum
1478 3879 1655 3966 praecipue
1689 3894 1765 3964 post
1791 3880 1928 3947 istulem
1946 3883 1996 3948 sd

1246 3981 1377 4046 Aetium
1406 4005 1559 4068 pugnem.
1608 3982 1743 4045 Etehim
1770 3982 1860 4051 XIX.
1884 3985 1996 4070 legiu-

1244 4103 1323 4161 ues,
1344 4105 1437 4169 'quse
1457 4086 1608 4169 integrae
1629 4096 1699 4146 tum
1719 4084 1754 4147 iu
1774 4084 1875 4151 litore
1897 4107 1997 4152 exer·

1244 4183 1378 4268 bsbnnt,
1420 4186 1565 4251 Antonio
1595 4187 1693 4251 etism
1722 4201 1906 4271 comperte·
1922 4190 1996 4274 εἰπε

1244 4286 1322 4370 iuge
1339 4300 1457 4352 tsntnm
1478 4288 1672 4374 praestitere
1685 4287 1809 4367 fidem,
1834 4301 1888 4368 ut,
1917 4312 1995 4356 curn

1245 4389 1395 4454 nlioonde
1431 4404 1506 4455 eum
1544 4390 1767 4474 appetiturum
1802 4407 1996 4476 sperarent,

1246 4489 1362 4556 diebos
1383 4493 1457 4562 vu.
1479 4494 1731 4571 cohaeremus
1743 4491 1929 4581 missosque
1944 4495 1993 4562 -stl

477 4713 510 4783 s)
530 4709 693 4770 Comment.
709 4709 777 4770 hist.
795 4711 829 4770 Τ.
844 4710 866 4774 Ι.
881 4711 963 4786 noo.
1033 4709 1069 4784 b)
1089 4709 1344 4788 Tom.1lp.516.
1414 4715 1445 4786 c)
1459 4711 1618 4808 Auimodv3
1632 4711 1707 4793 phil.
1721 4722 1806 4792 pn.
1877 4713 1990 4786 d)1.c.

438 4809 524 4878 pm.
1765 4829 1771 4838 ·
