4267 5500
769 601 1098 682 nvcvsrve
1638 555 1644 562 ’
1671 627 1724 712 ,1

164 788 305 860 recepta
328 773 429 864 inisse
446 773 551 851 illato,
574 769 718 838 dubitari
733 772 835 838 credo
849 793 915 838 sm·
1036 773 1197 840 Salenses
1214 776 1313 846 tucos
1333 777 1430 844 Circa
1453 779 1617 844 celsitate
1635 779 1720 868 Qni-

165 877 252 964 pIins
272 879 406 961 nequit,
435 897 493 942 eos
514 897 595 944 rere
612 875 654 941 sd
675 877 816 960 Augusti
829 889 919 942 scta·
1485 884 1586 950 titos..

164 993 233 1045 tem
247 981 431 1063 pertinere.
971 977 1061 1043 Etin
1078 992 1198 1044 vetere
1209 976 1406 1044 Iiaiendsrio
1424 981 1466 1044 sd
1480 985 1538 1054 Π.
1555 983 1601 1053 id.
1616 987 1720 1071 Msjss
1797 949 1801 958 .

229 1079 331 1178 Quod
353 1081 394 1144 dc
419 1083 526 1144 Marte
556 1079 640 1157 diui,
670 1078 713 1144 sd
732 1080 916 1150 Vulcanum
972 1079 1120 1164 additare
1148 1083 1268 1150 LVDI.
1289 1085 1429 1151 MAR'I'.
1451 1085 1508 1171 IN.
1530 1086 1641 1154 cmc.
1662 1088 1733 1153 Sic‘

166 1203 298 1272 quoque
335 1184 587 1269 applicandum
628 1203 704 1246 nem
736 1181 771 1245 in
801 1181 919 1245 utrius·
974 1195 1009 1246 et
1022 1181 1212 1253 Vulcanalis
1227 1185 1352 1250 Rornae
1364 1186 1468 1272 inisse
1481 1201 1573 1270 μυῖα,
1595 1201 1631 1252 et
1649 1187 1722 1276 qui-

164 1307 231 1374 que
255 1287 366 1350 nuruis
387 1286 503 1349 eudem
526 1298 575 1350 est
595 1286 691 1354 ratio.
736 1285 823 1348 Cum
839 1283 919 1348 scri·
975 1281 1052 1348 dem
1074 1283 1202 1350 must.
1218 1286 1330 1372 Sept„
1359 1287 1458 1352 docet
1474 1311 1619 1355 marmor
1635 1290 1721 1357 Gru

164 1401 300 1472 ptorum
332 1407 436 1452 nemo
465 1387 599 1467 doceat,
637 1388 820 1456 Vulcanum
848 1387 916 1451 Ro-
970 1384 1037 1450 teri
1061 1383 1106 1464 f),
1128 1387 1284 1455 etVamo
1305 1391 1359 1470 s),
1378 1410 1502 1480 eosque
1523 1393 1621 1458 ludos
1641 1393 1724 1459 fais·
1792 1470 1800 1474 ,

164 1510 241 1556 msc
257 1491 389 1554 Vltoris
406 1489 656 1555 nominofuisse
677 1490 810 1569 cultum,
828 1486 915 1552 istud
973 1508 1015 1553 se
1039 1487 1230 1572 Circenses,
1269 1490 1391 1556 diserte
1412 1493 1592 1562 truditDic
1613 1493 1661 1578 ¹³),
1682 1509 1720 1562 et

166 1613 229 1657 uos
248 1593 366 1657 citatus
388 1591 540 1656 denarias
562 1591 692 1660 edocet.
711 1615 712 1620 ¹
733 1593 815 1676 Ejus
836 1610 917 1676 quo·
971 1589 1205 1682 dolendirium
1234 1593 1511 1678 Cuprunicorum,
1536 1595 1571 1661 iu
1592 1618 1657 1684 quo
1679 1597 1722 1662 ad

166 1715 232 1782 que
259 1695 344 1757 ratio
374 1715 497 1776 prona;
535 1717 615 1758 unm·
640 1694 915 1781 quemadmodum
973 1691 1061 1758 diem
1082 1694 1206 1758 xxm.
1221 1697 1360 1781 Augusti
1380 1711 1528 1762 notaturi
1571 1702 1723 1764 Volcano

165 1801 262 1862 lIsrs
282 1796 417 1880 fingitur
447 1799 671 1861 Romanorum
699 1797 913 1882 opprobrium
972 1798 1009 1859 in
1029 1799 1125 1859 Circo
1145 1798 1324 1860 Flaminio.
1355 1799 1661 1880 Morelliuoinsuis
1675 1800 1731 1864 in·

165 1897 253 1963 ultus
267 1897 446 1983 compulsis
462 1897 503 1962 sd
517 1897 718 1964 restituenda
733 1900 824 1984 signs
837 1892 917 1961 Ps'r·
972 1897 1073 1962 certis
1106 1897 1301 1962 familiarum
1337 1899 1418 1962 udos
1449 1921 1579 1986 quoque
1605 1923 1724 1966 numos

165 1999 251 2078 mis,
281 2000 331 2064 sic
347 1999 444 2064 etism
468 2001 652 2079 Vulcanus,
677 2014 914 2088 tunqusmpss·
970 2013 1142 2080 recenset,
1164 1999 1220 2086 qui
1241 2000 1368 2065 ratione
1390 1999 1458 2084 typi
1480 2016 1574 2066 certo
1595 2003 1638 2067 sd
1652 2005 1719 2068 Aa·

165 2121 222 2166 sus
248 2123 318 2167 nou
353 2101 470 2182 fuisse,
514 2127 602 2168 arms
629 2105 794 2188 Romana,
830 2123 913 2189 quse
971 2103 1058 2188 gusti
1090 2123 1206 2168 senum
1228 2102 1418 2188 pertinent,
1446 2103 1510 2167 etsi
1529 2103 1618 2168 aliud
1639 2105 1731 2168 indi·

164 2203 234 2268 suis
258 2204 352 2290 qussi
376 2205 528 2291 auspiciis
552 2219 664 2271 essent
679 2205 860 2284 fabricatu,
882 2203 917 2267 iu
973 2206 1061 2270 eiam
1082 2227 1150 2271 non
1179 2204 1407 2289 suppeditent,
1436 2225 1584 2290 quosque
1605 2207 1723 2274 serisi-

166 2305 382 2371 Issrbarornm
401 2309 479 2373 solo
492 2308 644 2373 detineri.
676 2309 761 2372 Sane
780 2307 820 2372 sd
839 2327 916 2372 eum
972 2307 1051 2372 mile
1074 2321 1126 2372 est
1146 2306 1261 2387 etism,
1276 2307 1436 2371 festorum
1459 2305 1609 2392 quapiam
1630 2329 1723 2376 eccs

167 2407 309 2494 qcodsm
342 2411 418 2492 jure
453 2411 651 2496 pertinuisse
683 2432 789 2488 erma,
828 2423 919 2494 putet
975 2410 1068 2476 sione
1084 2408 1186 2476 inisse
1203 2409 1238 2472 in
1251 2408 1369 2494 uulgus
1385 2407 1516 2475 missos.

166 2511 261 2588 inde,
306 2512 401 2598 qnod*
427 2513 498 2597 ejus
528 2514 621 2577 selus
649 2513 785 2578 victims·
810 2511 919 2577 inere·
1344 2575 1365 2614 ι

166 2613 223 2676 sis
242 2613 379 2678 Seruius
404 2617 451 2697 ·)=
493 2616 693 2695 Tarquinius
716 2618 854 2680 Priscus
871 2617 919 2678 ai·
1239 2621 1264 2660 ’
1448 2623 1469 2661 ¹
1621 2695 1624 2700 .

169 2717 235 2779 ctis
252 2713 392 2780 Sabinis
413 2717 621 2781 inhonorem
640 2719 788 2781 Vulcani
804 2736 918 2781 corum
1040 2714 1213 2802 conjungo
1245 2712 1302 2781 his
1341 2713 1423 2780 alios
1452 2699 1611 2800 ejusden
1629 2735 1729 2803 urgu-

168 2836 265 2878 arma
279 2822 463 2897 succendit,
477 2840 572 2899 quem
587 2824 696 2883 secuti
709 2820 915 2885 sanscsteri.
972 2818 1096 2897 menti,
1120 2818 1179 2903 qui
1204 2830 1280 2881 sunt
1299 2817 1386 2904 opud
1406 2817 1598 2883 Mosellium
1619 2819 1653 2882 ia
1674 2821 1723 2882 in·

169 2916 310 2983 Secutus
325 2932 435 2984 cutem
452 2933 585 3004 praeter
600 2921 682 2988 inos
695 2934 745 2987 est
762 2922 813 2987 Ti.
824 2922 916 2985 oens
972 2920 1092 3000 centis,
1113 2931 1148 2983 et
1160 2919 1195 2981 in
1211 2939 1327 2983 museo
1346 2920 1521 2985 Caesareo.

169 3020 315 3103 pronius,
333 3021 390 3108 qui
407 3022 500 3087 victis
514 3022 626 3087 Sardis
639 3046 734 3088 arma
744 3026 917 3087 hctacon·
1116 3019 1291 3088 GENIVS.
1304 3021 1343 3087 P.
1357 3022 1398 3084 R.
1423 3012 1531 3106 Caput
1547 3022 1729 3085 barbatum

165 3124 228 3201 ᾔει·
234 3128 271 3186 in
288 3128 563 3203 acervamjassit,
582 3128 825 3206 sacramqusid
837 3125 918 3189 Vai-
1117 3120 1345 3186 diadematum
1383 3126 1595 3205 prominente
1632 3135 1722 3186 rotro

168 3244 256 3287 cano.
270 3230 432 3289 cremavit
446 3225 491 3307 l³).
512 3225 600 3291 Hinc
617 3226 719 3291 credo
734 3226 867 3307 isctum,
879 3240 916 3293 ut
1114 3236 1256 3305 sceptro.
1285 3241 1293 3250 ·

168 3324 309 3389 Romani
332 3328 530 3390 Voilranusr
539 3332 724 3393 militarem
748 3330 914 3406 colerent,
938 3312 950 3338 ⁸
972 3321 1115 3391 SIGNA.
1130 3326 1169 3391 Ρ.
1183 3327 1225 3391 R.
1263 3328 1397 3408 Aquita
1422 3326 1612 3409 legionario
1636 3331 1725 3391 inter

167 3426 286 3511 queis
308 3428 443 3493 nomine
461 3430 679 3513 compellatur
697 3432 731 3495 in
749 3452 914 3500 marmore
971 3428 1037 3489 duo
1050 3429 1149 3511 signa
1162 3429 1331 3492 militaria
1342 3431 1542 3493 intermedia
1553 3450 1625 3509 ara.
1645 3430 1724 3498 AR.

167 3526 306 3592 Gruteri
321 3541 362 3605 c).
383 3532 435 3593 Ex
452 3532 518 3595 ulio
535 3531 790 3616 IapideGrateri
806 3532 839 3614 d)
857 3532 915 3597 do-
1116 3530 1241 3594 mntem
1258 3532 1410 3595 adversa.

167 3649 298 3711 cemus,
307 3631 491 3717 Augustum
500 3656 584 3699 anuo
595 3636 635 3703 V.
643 3637 680 3702 C.
690 3638 754 3718 745
772 3656 813 3700 ex
830 3635 915 3719 stipe
972 3632 1105 3697 Mens.
1122 3630 1290 3701 VLTOR,
1322 3631 1421 3692 Mars
1443 3631 1552 3692 nudus
1564 3634 1725 3713 gradiens

166 3730 275 3795 nni-s
302 3734 427 3818 populo
454 3735 488 3797 iu
511 3750 655 3802 strenam
677 3738 785 3804 obluta
807 3737 916 3807 ΥΟΕ·
973 3736 1004 3796 d.
1031 3736 1135 3797 teiam
1154 3738 1322 3811 intentat,
1350 3753 1379 3796 s.
1401 3728 1554 3814 clypeum
1572 3745 1727 3813 praeten-

166 3832 291 3897 CANO
299 3848 435 3901 statuam
444 3836 624 3904 dedicasse.
641 3840 798 3906 Occurrit
806 3840 914 3918 etism,
973 3838 1035 3899 dit.
1058 3837 1129 3897 An.

166 3954 287 3999 numos
320 3937 398 4015 hos,
437 3941 591 4027 quoniam
623 3942 763 4027 Augusti
794 3962 916 4007 nomen
1036 3937 1141 4022 Caput
1154 3935 1262 4000 simile
1281 3931 1446 4017 adscripto
1461 3931 1501 3999 G.
1516 3934 1554 3999 P.
1567 3935 1609 4000 R.
1626 3953 1714 3998 cosn-

166 4056 236 4115 non
252 4038 408 4123 produnt,
425 4042 568 4127 signatos
580 4058 611 4107 st
621 4044 813 4109 distributos
822 4066 917 4110 ocos·
973 4053 1070 4125 paret
1095 4038 1193 4105 etism
1217 4037 1252 4100 iu
1276 4048 1377 4123 geute
1395 4036 1550 4103 Cornelis
1564 4036 1723 4119 Lentulo·

167 4138 263 4204 sione
281 4140 455 4208 festorum.
476 4146 576 4211 Certe
587 4145 702 4212 Martis
713 4147 841 4216 Vltoris
857 4148 917 4213 ho·
974 4162 1064 4221 rum,
1086 4156 1121 4224 et
1138 4154 1264 4209 constat
1281 4163 1323 4207 ex
1337 4142 1447 4205 Dione
1469 4140 1512 4222 i),
1541 4139 1644 4203 fuisse
1658 4141 1725 4204 Ro·
1845 4212 1849 4221 ¹

166 4261 268 4306 nores
288 4264 353 4330 per
367 4245 464 4310 Indos
472 4247 647 4313 Circenses
662 4248 769 4315 obitos
779 4251 851 4336 ipse
860 4248 918 4314 do·
974 4266 1049 4323 ¹ruse
1075 4247 1235 4332 ternplum
1256 4244 1355 4311 Genii
1377 4245 1417 4308 P.
1440 4244 1482 4307 R.
1523 4242 1605 4326 Ejus
1629 4254 1727 4327 ceput

167 4342 857 4439 cetOridiusdseodemhoodeoloquens
872 4354 917 4437 ·)s
975 4349 1124 4437 apposite
1157 4370 1232 4415 cum
1263 4345 1365 4434 signis
1396 4342 1541 4430 receptis
1561 4342 1725 4428 jungitur.

205 4668 238 4736 s)
256 4660 308 4718 Ad
320 4660 396 4718 Asu.
405 4657 486 4720 v111.
498 4660 562 4725 ⁵62·
662 4657 699 4733 b)
717 4659 780 4719 Lis.
794 4658 909 4720 nm.
925 4672 1006 4723 ott..
1107 4662 1138 4733 c)
1157 4661 1227 4739 Peg.
1238 4661 1317 4733 1069.
1331 4668 1358 4723 5.
1458 4656 1494 4733 d)
1511 4654 1663 4735 pag-m
1679 4670 1724 4721 tt·

169 4753 203 4823 e)
217 4748 346 4810 rosv.
362 4760 463 4825 sem·
535 4748 734 4848 orosam.
749 4762 775 4820 s.
847 4752 881 4833 s>
900 4751 939 4810 «ιε
953 4748 1031 4813 ns.
1103 4752 1139 4826 n)
1157 4748 1452 4824 annumero
1523 4746 1547 4821 s)
1565 4746 1724 4812 nxsvn.

1415 4949 1444 5009 N

1736 4964 1749 5008 i.
