4267 5500
427 534 518 677 533Ι
1043 583 1121 658 AN
1129 579 1359 660 TINOVS.

423 782 484 823 nus
497 755 653 822 Hadriani
666 754 699 816 in
716 753 802 816 buno
819 771 958 836 puerum
976 770 1079 831 amor,
1096 755 1171 836 pro*
1227 751 1283 838 gio
1301 751 1414 816 critica
1436 749 1566 829 nititur,
1595 753 1738 817 animum
1759 756 1832 838 jure
1860 755 1976 820 adrer-

423 883 468 926 no
488 859 691 923 Graecorum
718 855 851 940 ingenio
867 853 908 918 ad
929 855 1171 922 consecrandos
1226 866 1309 917 tunt.
1332 855 1473 932 Constat,
1491 874 1587 939 quum
1602 877 1639 920 se
1653 856 1816 921 industrie
1830 857 1864 920 in
1880 859 1973 922 elliu·

422 963 520 1027 etiam
548 961 657 1038 vivos,
699 958 838 1042 cuipiam
864 955 1003 1020 deorum
1033 976 1166 1020 suorum
1225 953 1341 1039 gendis
1354 955 1488 1020 Antinoi
1500 955 1607 1020 numis
1620 959 1811 1023 exereres-it
1827 959 1973 1023 falsario-

423 1063 557 1128 Antiooi
571 1079 744 1146 personam
760 1057 891 1142 largiri,
914 1071 949 1122 ut
964 1059 1075 1142 paullo
1092 1071 1168 1142 post
1225 1076 1382 1134 mmars,
1413 1071 1447 1121 et
1462 1056 1615 1132 memini,
1646 1058 1680 1118 in
1698 1059 1820 1124 illustri
1835 1061 1972 1126 Christi·

423 1165 523 1229 iidem
546 1161 758 1226 Alexandrini
777 1159 975 1223 Antoninum
989 1160 1104 1236 Pium,
1134 1171 1170 1222 et
1225 1177 1287 1221 nae
1310 1178 1441 1238 museo,
1462 1159 1497 1221 in
1517 1179 1583 1245 qao
1606 1159 1774 1223 cimelium
1797 1162 1881 1224 illud
1905 1185 1973 1228 ser·

426 1265 611 1332 Faustinam
634 1263 726 1329 vivos
744 1259 911 1346 Serapidis
929 1273 964 1324 et
979 1260 1073 1325 Isidis
1096 1279 1170 1345 spe·
1225 1271 1337 1336 ratur,
1371 1257 1551 1326 offendisse
1572 1281 1627 1325 me
1649 1280 1765 1325 numos
1784 1284 1853 1328 non
1871 1266 1971 1328 modo

425 1369 476 1432 eie
495 1383 710 1452 proposuere.
743 1361 897 1458 Denique
916 1361 1004 1448 quod
1030 1360 1171 1444 cumpri-
1224 1359 1298 1443 jure
1316 1374 1504 1443 suspectos,
1530 1361 1709 1427 sedetiam
1734 1364 1884 1455 antiquos
1901 1369 1970 1453 qni·

424 1471 485 1532 mis
501 1463 757 1540 observandum,
788 1463 822 1525 in
838 1463 902 1528 boo
923 1483 1055 1548 qnoque
1068 1482 1169 1526 numo
1226 1460 1320 1539 dem,
1349 1461 1410 1526 sed
1425 1483 1508 1548 ques
1524 1463 1692 1528 recentior
1712 1464 1802 1530 staua
1816 1467 1973 1552 depress-

424 1571 534 1634 nullus
549 1565 662 1630 dubito
676 1567 857 1648 legendum
879 1567 921 1631 L.
946 1563 1025 1644 nt,
1045 1584 1113 1628 non
1128 1566 1169 1630 1..
1226 1562 1290 1641 rit,
1320 1563 1414 1647 nujus
1442 1565 1632 1651 exemplum
1652 1567 1735 1630 elim
1755 1570 1914 1653 properti
1937 1571 1971 1632 in

425 1669 485 1748 H..
517 1668 606 1754 quod
634 1681 670 1730 ut
696 1667 843 1746 credam,
880 1666 959 1732 fauit
986 1666 1171 1730 simillimus
1226 1665 1309 1728 meis
1323 1665 1437 1730 Numis
1451 1669 1590 1734 veterib.
1609 1689 1642 1751 p.
1658 1669 1738 1747 ullis,
1761 1684 1797 1734 et
1813 1671 1849 1732 iu
1867 1671 1975 1736 oredi-

427 1773 511 1836 altsr
529 1769 569 1833 ab
590 1769 835 1832 adcuratissimo
855 1771 966 1853 Zodgo
993 1788 1035 1830 ex
1056 1787 1171 1831 museo
1226 1781 1262 1830 to
1276 1767 1411 1831 Antinoi
1432 1789 1550 1846 numo,
1574 1767 1618 1833 de
1638 1790 1704 1855 quo
1721 1771 1778 1854 egi
1802 1771 1838 1834 in
1862 1773 1971 1858 operis

426 1875 516 1958 regis
533 1871 710 1936 Galliarum
732 1870 926 1955 descriptus,
945 1882 980 1935 et
995 1870 1035 1935 1..
1049 1868 1107 1935 III.
1124 1871 1174 1932 in·
1225 1870 1410 1953 praesentis
1429 1870 1594 1935 volumine
1606 1873 1650 1932 Il.
1665 1873 1781 1955 ρ.4ο8.
2030 1944 2034 1949 ,

426 1975 563 2058 scriptus
579 1975 623 2054 ¹),
642 1991 739 2056 quem
762 1971 881 2036 deinde
901 1972 1029 2036 ustione
1046 1983 1172 2056 tempo·
1290 1971 1343 2032 Ex
1357 1970 1589 2056 binusquitor‚
1610 1972 1732 2035 nullam
1746 1973 1842 2038 uobis
1854 1993 1902 2039 ex
1917 1996 1974 2040 ur·

425 2077 473 2139 ris
489 2075 644 2139 continuo
669 2073 819 2159 sequitur
838 2075 956 2140 eltutus
976 2075 1174 2158 Haymianus
1226 2069 1290 2133 mis
1312 2070 1469 2135 haetenus
1487 2073 1626 2157 cognitio
1651 2073 1775 2159 imponi
1798 2079 1972 2141 nenessita-
2031 2150 2034 2158 ¹

367 2181 370 2191 ’
427 2195 502 2241 oum
519 2195 604 2240 auno
619 2175 707 2240 xtx.
1037 2181 1042 2196 '
1227 2184 1296 2236 tem
1319 2172 1453 2237 Antinoi
1472 2189 1615 2239 mortem
1638 2175 1852 2260 antieipsndi‚
1880 2178 1972 2263 quod

490 2281 534 2341 At
555 2277 738 2342 molestiam
763 2273 868 2342 sdbuo
895 2275 1027 2342 lacessit
1054 2295 1172 2340 numus
1224 2273 1307 2338 elim
1328 2275 1455 2339 censuit
1473 2274 1710 2341 Buonarrotius
1727 2273 1775 2362 b).
1814 2276 1907 2373 Quin
1929 2299 1972 2344 ex

398 2383 482 2446 'lll.
509 2400 584 2443 oum
606 2399 690 2442 anno
715 2373 809 2442 xus!
841 2379 981 2442 'Etenim
1009 2397 1084 2442 oum
1106 2378 1173 2438 An·
1228 2376 1334 2438 nuntio
1354 2376 1433 2458 ipsis
1456 2377 1606 2451 Antinoi,
1635 2396 1775 2462 quornm
1794 2380 1877 2442 uerti
1898 2399 1971 2444 oum

426 2483 533 2544 tinous
548 2483 582 2541 in
602 2481 665 2542 illo
687 2481 750 2560 jam
769 2479 894 2542 ditatur
916 2480 1015 2538 beros
1033 2496 1173 2540 necesse
1227 2494 1314 2538 anno
1342 2475 1500 2540 Hadriani
1528 2479 1646 2547 XVIII.
1678 2478 1855 2562 Incipiunt,
1897 2482 1973 2544 satis

427 2596 486 2656 est,
505 2583 537 2640 in
554 2579 689 2640 mortuis
706 2599 778 2640 oum
794 2579 858 2661 jum
879 2577 978 2640 luisse
993 2595 1079 2639 anno
1095 2577 1174 2640 Ale·
1226 2576 1402 2641 manifeste
1419 2578 1562 2656 eruitur,
1579 2591 1646 2642 tam
1662 2591 1787 2643 metune
1805 2579 1876 2661 ejus
1889 2601 1974 2644 mor·

426 2679 658 2743 sundrinorum
682 2679 785 2756 xut,
823 2677 879 2763 qui
897 2664 1018 2762 'eoepit
1052 2697 1174 2742 eroon·
1229 2689 1299 2740 tem
1314 2697 1381 2740 uon
1399 2698 1473 2741 esse
1492 2679 1763 2745 constituendam.
1800 2683 1883 2743 Nam
1903 2681 1976 2767 quis

425 2798 460 2845 te
486 2785 634 2865 Augusto
658 2781 733 2843 unni
757 2782 798 2847 V.
821 2780 858 2844 C.
883 2780 964 2857 88ι,
987 2779 1077 2866 quod
1096 2801 1174 2844 sune
1225 2778 1359 2856 orsdm,
1381 2780 1410 2842 si
1427 2779 1604 2843 Antinoum
1624 2802 1700 2847 orm
1715 2783 1882 2848 Chronioo
1898 2784 1976 2847 Ale·

426 2886 615 2949 adversatur
640 2880 822 2947 sententiae
850 2896 999 2958 nostrae,
1028 2902 1109 2966 qua,
1138 2895 1176 2945 nt
1230 2879 1392 2944 xsntlrine
1414 2894 1583 2967 mertuum
1604 2902 1689 2948 snuo
1710 2885 1753 2952 V.
1771 2886 1809 2949 C.
1828 2886 1894 2961 875
1916 2899 1976 2949 sta-

425 3010 524 3071 suprs
545 2986 580 3048 in
602 2984 759 3047 Hadriani
783 2984 889 3046 nnmis
916 3004 990 3068 pag.
1009 2986 1073 3068 489
1098 3004 1175 3067 pre·
1226 2993 1373 3058 suemus,
1403 2971 1572 3047 coutinuis
1602 2986 1717 3069 primis
1748 2986 1859 3064 annis,
1897 2984 1976 3048 dum

426 3090 590 3161 bavimus,
629 3086 796 3162 statuitur,
832 3084 1033 3147 Hadrianum
1066 3086 1108 3150 V.
1130 3086 1172 3147 C.
1227 3101 1350 3147 recens
1385 3082 1450 3147 tuto
1478 3078 1639 3150 Hadriani
1678 3086 1791 3166 dolor,
1828 3090 1975 3171 atquais

428 3194 490 3257 888
513 3192 643 3255 demum
669 3188 768 3251 luisse
792 3188 825 3248 in
844 3188 1014 3269 Aegypto,
1041 3205 1080 3247 ao
1104 3198 1171 3247 tum
1199 3199 1306 3248 'mox
1330 3201 1555 3263 consecratus,
1586 3202 1621 3251 et
1645 3190 1794 3251 omnibus
1817 3203 1973 3252 mactatus

429 3306 593 3356 mortuum
634 3288 821 3351 Antinoum.
868 3288 1017 3363 Interim,
1042 3286 1171 3363 intuor,
1224 3286 1425 3364 bonoribus,
1467 3289 1590 3352 nullum
1613 3290 1655 3354 sb
1677 3290 1910 3355 Alexandrinis
1941 3292 1974 3353 ei

427 3417 494 3457 non
515 3412 628 3477 purum
661 3388 809 3466 sallitat,
842 3408 913 3451 non
935 3388 1054 3466 modo,
1085 3388 1171 3474 quod
1228 3387 1417 3469 dedicatam¹
1441 3404 1623 3468 monetam,
1658 3392 1722 3455 nisi
1749 3391 1890 3456 velimus
1917 3412 1975 3453 un·

429 3498 542 3559 unicus
565 3495 592 3556 is
610 3504 662 3555 est
674 3512 752 3555 oum
773 3492 836 3553 boo
853 3511 938 3554 unno
958 3490 1092 3553 Antinoi
1113 3510 1173 3552 nu·
1227 3510 1300 3552 mos
1323 3489 1407 3553 intra
1424 3492 1488 3555 boo
1504 3506 1632 3577 tempas
1648 3512 1744 3557 enses
1768 3513 1885 3557 omnes
1905 3492 1974 3555 for·

429 3620 518 3672 mus,
541 3614 648 3679 neque
674 3612 716 3655 er
737 3593 991 3676 opulentissimis
1012 3592 1083 3655 aliis
1104 3613 1174 3653 mu·
1224 3592 1311 3656 tuito
1341 3587 1531 3676 deperditos
1559 3594 1732 3671 sdserere,
1769 3593 1903 3658 tandem
1933 3594 1975 3655 ab

428 3701 493 3764 seis
509 3699 579 3780 ejus
596 3695 709 3757 similis
725 3694 895 3779 unguitur,
916 3692 1174 3757 sedmnltoma·
1224 3713 1313 3756 vauno
1340 3694 1383 3761 V.
1399 3694 1440 3756 C.
1460 3696 1525 3776 867
1553 3710 1628 3779 post
1649 3716 1808 3759 annorum
1829 3696 1903 3760 ΧΠ.
1924 3698 1973 3757 in·

395 3876 409 3893 .
430 3802 482 3885 gis
502 3801 597 3863 etiam
621 3795 709 3882 qnod
730 3817 850 3859 numus
872 3796 930 3859 bio
954 3815 997 3857 ex
1019 3793 1172 3857 omnibus
1225 3794 1420 3871 ‘tervullum,
1453 3815 1527 3860 oum
1557 3798 1620 3878 jsm
1650 3798 1816 3881 paullatim
1847 3796 1974 3861 resedit

429 3908 543 3966 unicus
568 3915 634 3977 est,
663 3900 720 3984 qui
751 3918 869 3961 annum
894 3898 981 3960 xm.
1004 3896 1052 3959 sio
1072 3894 1172 3979 plene
1223 3893 1343 3970 dolon,
1372 3910 1469 3981 atque
1493 3900 1564 3981 ejus
1583 3898 1780 3962 observandi
1796 3898 1975 3971 contentio.

428 3994 896 4067 smintttttbextmr.
906 3998 1088 4081 perscribat
1097 4017 1173 4061 oon·
1224 4008 1365 4079 -eueptos
1380 3996 1460 4061 oudi
1484 4020 1600 4063 numos
1623 4021 1697 4063 oum
1724 4000 1797 4083 ejus
1820 4002 1972 4085 imagine.

430 4122 481 4170 tra
511 4106 618 4169 omnia
639 4103 701 4166 alia
732 4098 900 4183 exempla,
932 4118 1007 4161 oum
1035 4099 1069 4159 ln
1099 4098 1173 4162 aliis
1224 4118 1267 4160 -so
1294 4098 1451 4184 delnoeps
1467 4123 1531 4185 per
1551 4101 1716 4188 reliquum
1733 4103 1892 4167 Hadriani
1914 4102 1974 4165 im·

430 4209 536 4273 numis
562 4206 737 4280 Hadriani,
767 4200 939 4274 Antonini,
969 4200 1099 4263 Aurelii
1125 4200 1171 4263 le·
1227 4200 1357 4283 perium
1380 4202 1608 4267 oontibuatos?
1639 4205 1778 4269 Aooedit
1799 4225 1974 4289 argumen-

431 4302 874 4395 gaturL.TP10Kbe.vet:
889 4300 1170 4367 Tt’mtttmh
1229 4316 1296 4363 tum
1314 4302 1417 4379 eliud,
1436 4318 1550 4389 utque,
1571 4307 1635 4369 etsi
1652 4305 1822 4386 demnas,
1851 4326 1972 4391 nequa·

431 4408 672 4487 mentm,
686 4428 795 4493 neque
810 4404 914 4469 aliter.
938 4404 1037 4489 Atqui
1056 4402 1173 4466 similia
1230 4425 1325 4487 qnam
1351 4420 1477 4480 tannen,
1507 4418 1547 4468 ut
1567 4406 1700 4491 opinior,
1732 4407 1892 4491 ignobile.
1936 4408 1974 4471 Si

432 4515 618 4589 observatu,
644 4527 681 4576 nt
693 4514 727 4575 in
746 4510 817 4573 aliis
836 4506 940 4571 oensis
961 4505 1045 4569 teria
1065 4504 1174 4569 rideri
1228 4506 1317 4589 juxta
1341 4507 1495 4571 CbronIol
1511 4506 1725 4573 Alexandrini
1748 4510 1973 4573 testimenium

432 4630 581 4701 possunt,
599 4614 646 4679 sio
662 4616 697 4677 in
712 4615 832 4691 numis,
850 4611 883 4671 in
901 4606 1016 4692 qulbus
1031 4606 1173 4692 philolo-
1228 4610 1294 4692 jam
1310 4629 1395 4673 anno
1412 4610 1455 4678 V.
1471 4610 1511 4674 C.
1532 4611 1595 4692 875
1614 4611 1649 4674 iu
1663 4611 1815 4696 Aegypto
1833 4612 1895 4675 luit
1909 4614 1974 4675 Ha·

470 4828 499 4897 a>
518 4824 606 4881 Numi
619 4828 743 4901 Aegypt.
761 4824 864 4901 puto.
877 4840 906 4877 u.
923 4829 985 4917 ³⁸⁰:
1014 4846 1017 4853 ’
1061 4818 1096 4891 b)
1113 4819 1235 4877 ossen.
1250 4819 1329 4874 istor.
1345 4837 1374 4893 p.
1384 4822 1429 4881 οὑ.
1540 4833 1558 4849 ‘·
