4267 5500
718 563 769 637 u.
800 561 1118 646 susumus,
1644 593 1692 676 tt

134 733 231 810 dunt,
266 731 359 817 cujus
380 729 504 812 deinde
524 750 737 818 progressum
757 733 886 820 proedi-
942 733 987 802 lia
1011 735 1224 822 'l'rsnsslpins
1246 736 1330 802 laets
1355 752 1405 803 est
1426 738 1596 822 provincis
1621 745 1689 809 Rs·

132 848 187 898 eut
209 835 352 913 Strabo,
378 855 456 900 eum
477 833 597 913 refert,
611 835 759 909 ,suuibi
778 851 885 912 estete
942 857 1038 905 muns
1057 841 1098 906 V·
1118 840 1152 904 C.
1173 837 1249 916 bit.
1297 825 1494 926 Lugdunum
1515 857 1595 911 tune
1614 863 1693 918 essu

130 961 148 998 ι
194 936 373 1022 praefectis
418 938 575 1003 Romanis
610 949 775 1008 monetur
809 960 886 1006 uum
923 940 1053 1023 ¹eoepit
1073 941 1135 1004 sub
1155 944 1377 1022 Rornanorum
1408 957 1580 1027 potestate.
1622 953 1691 1014 Isin

130 1057 286 1118 suresm,
322 1053 394 1102 tum
426 1051 617 1123 argenteum
646 1039 723 1104 endi
736 1044 779 1116 ¹).
821 1044 887 1126 Tys
944 1060 1024 1108 vero
1053 1045 1101 1112 Μ.
1132 1042 1295 1106 Antonius
1325 1045 1434 1116 111viri
1461 1061 1559 1131 poter
1585 1050 1627 1118 V.
1650 1053 1705 1115 C..

130 1161 197 1224 pus
235 1143 270 1204 in
305 1139 358 1204 bis
388 1141 557 1209 Victorius
590 1162 795 1228 nequaquem
829 1163 887 1210 ne·
942 1145 1008 1226 ⁶74
1036 1143 1078 1208 L.
1094 1144 1248 1208 ,Manilio
1285 1147 1320 1210 iu
1348 1146 1454 1212 Gallie
1483 1149 1690 1216 Narbonensi

131 1241 300 1323 οεοωτίο,
344 1242 433 1330 quud
468 1245 636 1330 plerisque
673 1245 811 1311 eruditis
838 1246 886 1313 vi·
939 1240 1004 1308 fuit
1032 1244 1161 1327 legatus
1187 1264 1445 1331 proquuestore,
1478 1252 1535 1336 qui
1555 1253 1691 1338 Lugdu-

131 1367 228 1425 sum,
256 1345 394 1412 rstsrsn
415 1347 556 1432 aliquem
577 1347 747 1414 victorium
768 1349 882 1428 innuit,
940 1346 1096 1412 sensibus
1118 1361 1249 1411 senatus
1270 1350 1473 1429 consultum,
1496 1375 1560 1436 quo
1583 1359 1689 1419 muni.

131 1470 208 1512 cum
235 1469 273 1514 es
294 1449 335 1513 sit
356 1463 452 1534 typus
474 1449 589 1516 obvius
608 1449 643 1514 lu
659 1453 883 1516 Romanorum
939 1448 1030 1532 cipes
1047 1463 1178 1528 esseut,
1200 1451 1346 1515 attulisse
1361 1452 1501 1518 videtur.
1534 1457 1601 1519 Pro
1620 1478 1715 1541 quo·

130 1553 309 1638 quinariis,
344 1571 420 1614 uum
441 1551 558 1638 quibus
579 1552 615 1613 hi
635 1554 783 1637 pondere
805 1575 882 1619 eon·
939 1551 1023 1616 adeo
1044 1549 1209 1616 beneficio
1232 1547 1472 1634 Lugdunenses
1485 1554 1525 1617 ob
1551 1557 1616 1621 hoo
1634 1581 1689 1621 uu·

130 1654 269 1739 spirant.
320 1651 394 1747 Qus
414 1650 541 1718 rstione
555 1652 618 1730 ¹leo
639 1653 681 1717 sd
701 1657 881 1721 Antonium
937 1673 982 1716 uo
1000 1653 1064 1736 674
1076 1675 1185 1718 serem
1199 1675 1374 1718 numerere
1394 1671 1587 1740 coeperunt.

130 1757 314 1840 pertineat,
335 1755 464 1819 ditetur
485 1755 570 1820 infre
587 1755 628 1819 ud
647 1766 766 1820 sunum
783 1758 825 1828 V.
842 1761 878 1823 C.
1001 1755 1119 1820 Omnis
1142 1756 1224 1818 huet
1248 1756 1416 1823 Vsilluntii
1441 1757 1547 1822 oratio
1566 1760 1685 1843 partim

128 1863 207 1942 7¹5·
239 1859 292 1920 Er
311 1859 375 1921 hoe
393 1859 427 1920 in
446 1856 625 1921 Antonium
644 1857 775 1922 adfectu
791 1861 880 1926 Vuil·
936 1870 1051 1941 aperte
1076 1857 1177 1934 feles,
1209 1857 1328 1940 purtim
1351 1857 1510 1942 ambiguis
1531 1860 1610 1926 nire
1631 1870 1687 1928 vel
1802 1895 1806 1903 ·
1853 1913 1857 1920 .

127 1961 248 2024 lentius
266 1959 418 2036 leonem,
440 1961 496 2044 qui
511 1958 676 2043 hodieque
694 1960 784 2025 urbis
803 1961 880 2024 insi·
934 1957 999 2022 hoo
1025 1980 1091 2023 uno
1113 1957 1299 2035 refellitur,
1330 1959 1359 2020 si
1380 1979 1519 2044 negem,
1550 1963 1683 2047 Lugdu·

130 2083 192 2146 gne
210 2061 307 2139 lucit,
337 2075 407 2124 tum
420 2074 453 2124 et
465 2061 568 2144 ipsam
582 2061 672 2126 urbis
685 2064 877 2149 sppellstio·
934 2081 1014 2124 num
1033 2074 1089 2125 aut
1113 2081 1199 2124 suno
1223 2062 1265 2129 V.
1278 2061 1315 2127 C.
1333 2060 1414 2138 634,
1439 2075 1495 2124 sut
1515 2064 1580 2146 674
1606 2064 1685 2128 luis·

131 2186 206 2229 uem
222 2167 310 2228 Lien
328 2161 466 2226 derivet.
802 2203 807 2214 ·
935 2183 971 2226 se
1003 2164 1037 2225 in
1074 2165 1299 2226 Romanorum
1330 2175 1506 2246 potestate.
1547 2166 1615 2228 Per
1635 2166 1683 2230 id

189 2263 343 2348 Inscripti
364 2265 440 2328 snni
460 2263 529 2324 XL.
546 2262 633 2358 XLI.
656 2262 789 2334 uberius
810 2286 878 2330 me·
935 2277 1063 2348 tempus
1087 2265 1242 2329 Romanis
1265 2286 1304 2329 ee
1323 2276 1447 2326 tantum
1466 2265 1592 2331 Galliae
1604 2290 1681 2353 pure

128 2368 189 2430 'rito
220 2386 360 2430 exsmen
389 2366 570 2450 postulunt,
593 2364 683 2452 quod
704 2381 876 2453 antequem
934 2366 1057 2449 paruit,
1098 2387 1181 2450 quse
1220 2366 1325 2430 serius
1366 2364 1608 2448 Narbonensis,
1650 2385 1683 2434 st

130 2467 304 2545 exordior,
341 2465 591 2552 inquirendum,
630 2467 746 2552 quibus
785 2469 876 2532 urbis
935 2479 1003 2530 tum
1029 2466 1136 2534 Gallis
1161 2468 1374 2551 Transalpina
1403 2466 1489 2532 diets
1520 2468 1601 2550 fuit,
1640 2472 1682 2536 ud

131 2569 279 2634 conditus
297 2571 387 2634 suuis
406 2568 530 2653 possint
547 2570 763 2654 respondere.
786 2573 880 2654 Istud¹
935 2589 1031 2653 quum
1049 2567 1141 2632 nullo
1156 2583 1252 2654 puoto
1272 2567 1464 2653 pertinuere
1488 2570 1680 2657 Segusisni,

133 2687 275 2751 sertum,
314 2693 371 2736 eos
393 2673 478 2736 iutra
505 2691 605 2735 sunus
623 2673 665 2741 V.
683 2673 718 2738 C.
737 2697 819 2757 7¹¹2
844 2688 877 2738 et
934 2670 969 2732 in
998 2670 1116 2757 quibus
1145 2669 1243 2733 situm
1273 2669 1482 2755 Lugdunum.
1534 2675 1588 2736 En
1609 2675 1681 2757 ejus
1716 2700 1719 2707 ¹

135 2776 258 2837 initium
284 2784 350 2855 7¹4
377 2774 662 2857 constringendos.
711 2778 793 2841 Nem
823 2800 878 2840 su·
935 2774 1139 2836 luculentum
1158 2786 1279 2837 testem
1300 2774 1475 2839 Caesarem
1496 2776 1549 2861 d),
1583 2778 1688 2861 Sego..

136 2897 177 2941 uo
206 2877 337 2941 demum
367 2897 427 2956 7rs
460 2876 675 2961 Lugdunum,
716 2891 752 2940 ut
791 2877 875 2967 dixi,
934 2876 1115 2954 odorisque,
1145 2877 1206 2955 qui
1223 2875 1465 2961 suntfinitimi
1484 2880 1683 2941 Provinciae
1725 2868 1729 2875 ¹

139 2977 270 3041 deductu
303 2977 450 3055 colonis,
485 2991 519 3039 et
548 2998 590 3040 eo
621 2977 662 3040 sd
684 2975 782 3041 linem
804 2999 888 3044 ver-¹
935 2986 996 3039 eto.
1024 2974 1053 3035 si
1074 2973 1222 3053 finitimi,
1251 2995 1334 3058 ergo
1356 2996 1423 3037 non
1446 2977 1481 3037 in
1498 2977 1683 3042 Provinoiu.

139 3094 230 3163 gente
251 3080 395 3143 Antonio
415 3076 574 3163 permissu
591 3078 696 3143 Gellio
717 3101 816 3152 nors,
841 3081 875 3141 iu
934 3074 1023 3137 Alibi
1039 3076 1088 3155 0)=
1124 3077 1182 3139 At
1199 3076 1445 3157 Allobrogibus
1465 3079 1503 3138 in
1530 3076 1686 3160 Segusio-

141 3182 316 3263 quesitum
348 3180 561 3265 Lugdunum,
598 3181 724 3265 etipse
746 3180 874 3247 Illvire·
933 3196 994 3239 nos
1008 3179 1191 3240 exereitum
1206 3179 1322 3247 ductu
1341 3175 1380 3239 1ιί
1395 3189 1474 3240 sunt
1489 3190 1591 3241 extra
1609 3182 1687 3270 Pro·

140 3296 202 3344 tum
241 3283 351 3347 odivit.
407 3286 528 3348 Postea
564 3282 658 3346 initio
700 3284 775 3347 uuui
810 3292 880 3366 7slp¹
931 3280 1082 3351 uinclum
1095 3289 1190 3339 trans
1203 3277 1401 3341 Rhodanum
1408 3280 1524 3362 primi.
1555 3278 1685 3362 Siergo

142 3382 327 3449 Octavianus
348 3386 383 3450 iu
404 3386 527 3452 Gellius
557 3384 726 3468 profectus
748 3385 877 3449 exerui·
934 3380 1081 3443 Csesuris
1102 3377 1209 3443 sdhue
1223 3392 1328 3443 aetate
1349 3379 1548 3464 Lugdunum
1567 3380 1631 3443 fuit
1646 3381 1684 3443 li·

140 3500 220 3563 tum,
247 3488 302 3573 qui
325 3487 375 3549 ibi
397 3488 457 3551 sub
483 3484 579 3550 Fufio
604 3488 726 3551 Caleno
741 3486 876 3550 Antonii
933 3481 1068 3560 berum,
1094 3480 1197 3545 multo
1218 3482 1321 3566 mugio
1342 3482 1377 3543 id
1392 3482 1454 3545 suit
1475 3482 1567 3546 sunis
1585 3496 1678 3547 retro

141 3588 240 3671 legato
266 3589 384 3668 stsbst,
416 3604 512 3675 utque
529 3588 632 3673 ipsum
649 3590 783 3653 Antonii
800 3611 875 3673 pro·
931 3584 1020 3660 xx„
1062 3597 1097 3647 et
1136 3582 1225 3666 quod
1261 3582 1425 3666 sequitur,
1465 3584 1678 3667 municipium

143 3691 268 3757 vinnium
297 3690 439 3757 Galliam
467 3689 704 3776 occuparint),
744 3712 785 3755 ex
808 3712 872 3775 quo
930 3684 1128 3770 Lugdunum
1152 3685 1305 3749 constitui
1322 3704 1388 3747 nou
1402 3684 1508 3767 potuit
1523 3684 1608 3747 ultre
1623 3686 1681 3748 im-

142 3808 278 3880 tempore
295 3793 474 3863 verisimile
488 3814 555 3857 nou
572 3807 641 3870 est,
662 3792 797 3855 Antonii
816 3813 873 3855 no·
931 3787 1017 3871 perii
1036 3784 1119 3850 lines
1139 3799 1209 3849 tum
1230 3785 1335 3847 sdhuo
1364 3784 1517 3869 positum.
1560 3788 1677 3869 Neque

144 3896 218 3961 uine
239 3898 395 3982 signatum
415 3894 570 3979 Lugduni
590 3894 771 3979 peeunism.
811 3895 873 3956 Er·
930 3907 1012 3955 vero
1035 3889 1133 3951 etism
1154 3887 1227 3970 plus
1244 3886 1369 3965 volout,
1404 3907 1487 3972 quse
1507 3886 1554 3949 ibi
1572 3886 1613 3951 de
1633 3892 1679 3949 Μ.

145 4018 289 4079 gosunos
306 3999 375 4063 XL.
390 4011 572 4060 retrorsum
588 3995 785 4079 gradiendo,
821 4018 874 4060 en·
931 3991 1075 4053 Antonio
1102 3989 1210 4053 Illviri
1234 4001 1326 4072 putre
1349 3988 1390 4054 L.
1414 3989 1539 4052 Manilii
1556 3990 1590 4052 iu
1606 3990 1682 4053 Gul-
1795 3992 1803 4007 ⁹

144 4122 193 4163 uus
221 4104 243 4166 l.
273 4099 433 4186 pendebit
462 4097 504 4163 ub
534 4102 627 4162 suuis
658 4100 700 4167 V.
733 4100 768 4161 C.
793 4098 874 4179 imo,
931 4092 975 4155 liu
1010 4090 1217 4155 Narbonensi
1252 4104 1489 4174 proqueestore
1523 4114 1566 4157 ex
1593 4091 1682 4156 Liuii

144 4202 209 4281 673,
237 4202 299 4285 674
314 4214 481 4287 'uuquam
509 4200 602 4265 initio
634 4198 800 4283 epoohse,
841 4199 876 4261 in
931 4194 1101 4260 breviario
1119 4194 1197 4256 libri
1212 4195 1281 4263 XC.
1297 4194 1452 4279 Pighium
1470 4208 1620 4271 secutus,
1645 4207 1681 4256 ut
1713 4257 1729 4267 ,

145 4306 224 4387 oum
244 4304 437 4371 constitutae
467 4326 594 4369 esurum
616 4302 715 4368 modo
740 4301 875 4388 inquiri·
921 4297 1006 4384 dere
1028 4318 1179 4382 semper,
1210 4296 1354 4363 disserit.
1403 4296 1539 4359 Pridem
1560 4295 1684 4359 eruditi

147 4427 216 4471 uns.
571 4454 572 4461 .
929 4402 1020 4465 hune
1049 4401 1158 4465 lotum
1179 4398 1329 4463 luxatum
1353 4397 1524 4473 viderunt,
1567 4410 1602 4461 et
1620 4416 1682 4481 pro

197 4510 273 4572 Esm
289 4505 484 4579 Vrillsntius
503 4506 552 4570 sio
569 4504 703 4591 exponit
718 4505 764 4587 ⁰):
801 4504 876 4567 Gal·
934 4504 1111 4567 Antonius
1119 4500 1347 4586 reponendum
1360 4502 1544 4565 Domitius.
1561 4500 1683 4563 Parum

177 4737 202 4805 r}
218 4734 313 4794 1..1v.
331 4746 437 4811 pam.
512 4732 696 4807 b).Appiuu.
716 4726 787 4786 Bell.
801 4722 859 4785 eiu.
875 4728 907 4783 L.
924 4726 960 4785 l'.
979 4746 1004 4785 c.
1021 4736 1064 4787 51
1141 4728 1172 4796 e)
1192 4724 1278 4782 Num.
1301 4724 1369 4781 lum.
1391 4744 1422 4799 p.
1436 4737 1481 4797 91.
1557 4724 1591 4797 d)
1611 4722 1685 4780 Bell.

151 4822 212 4881 Gsll.
225 4824 256 4887 L.
270 4825 335 4887 Vll.
354 4828 435 4889 mod.
510 4824 541 4894 e)
561 4820 634 4879 ibid.
649 4820 681 4877 L.
699 4818 721 4879 I·
740 4838 767 4875 c.
780 4832 820 4879 10.
909 4910 914 4929 Ι
1546 4820 1548 4822 ’
