4267 5500
403 516 475 611 ilisa

418 714 422 723 ,
502 668 528 713 s
568 654 1148 762 nn.ror.x.e‘0s1x‚(oranr

420 818 427 846 ι,
503 788 506 795 ’
568 766 1147 859 psg.CCXL111.‘8.Murat.pag.

569 876 773 944 ccxxvlrl.
790 876 841 955 4.)
921 883 925 889 ’
1089 953 1097 965 r

418 1000 423 1023 =
472 976 565 1071 Quae
587 976 688 1042 inerit
714 977 783 1059 ejus
804 975 892 1067 tituli
914 975 1150 1061 multiplicandi

407 1078 554 1155 occasio,
581 1078 643 1141 nisi
664 1078 861 1159 oonjeotnris
887 1091 919 1143 te
942 1080 1071 1164 penitus
1091 1078 1151 1139 im·

406 1198 553 1261 mergas,
580 1176 714 1243 difficile
737 1193 787 1243 est
808 1177 975 1243 decidere.
1014 1181 1162 1243 luteris·-

407 1300 446 1344 re
455 1282 642 1365 scriptores
660 1280 810 1365 plerique
831 1279 927 1362 hujus
948 1278 1094 1363 imperii,
1117 1294 1152 1343 et

408 1396 551 1459 sanarat,
589 1395 626 1444 nt
657 1382 734 1445 alias
766 1381 897 1457 monui,
923 1379 1151 1465 imperatores

409 1484 505 1547 etiarn
531 1482 660 1551 levibus
689 1501 731 1548 ex
758 1481 861 1546 nausia
883 1482 969 1578 huno
990 1482 1152 1547 honorem

411 1584 555 1649 iterasse.

700 1772 869 1835 Censen
958 1800 963 1809 ·

472 1890 617 1955 Censura
640 1890 830 1973 Vespasiani
854 1890 964 1957 multis
990 1903 1040 1956 est
1063 1892 1153 1957 testi·

410 1994 526 2057 moniis
544 1990 742 2054 confirmata.
771 1992 946 2055 Suetonius
961 1994 1008 2073 ‘⁸52
1040 1992 1153 2055 Susce-

407 2098 461 2175 pit
480 2105 513 2155 et
534 2112 725 2167 sensuram,
752 2110 791 2153 ao
808 2114 868 2173 per
890 2105 997 2154 toturn
1020 2096 1154 2175 imperii

959 488 1389 575 vnseasmnvn.

1205 668 1310 746 diam,
1328 666 1514 733 tnmfinera
1531 678 1681 732 statuunt.
1704 665 1946 750 Medianum,

1206 772 1262 860 qni
1279 792 1453 835 uumornm
1469 769 1619 834 ordinem
1636 791 1690 833 sus
1707 770 1815 857 sieque
1836 774 1945 850 verrit,

1206 874 1268 937 essi
1283 893 1341 936 eos
1355 871 1397 935 ari
1409 872 1645 956 chronologiae
1660 873 1754 964 leges
1767 888 1946 939 conterere

1205 973 1432 1058 proposuerit,
1465 973 1531 1055 jam
1556 974 1598 1036 ad
1621 993 1740 1037 annum
1762 976 1803 1042 V.
1821 976 1859 1042 C.
1885 978 1947 1040 iias

1207 1073 1354 1138 obtrudit
1377 1094 1510 1149 numos,
1536 1074 1570 1136 iu
1593 1074 1709 1160 quibus
1731 1076 1949 1160 Vespasianus

1209 1176 1384 1241 CENSOR
1405 1176 1606 1241 inscribitur.
1637 1176 1799 1239 Nimirum
1821 1178 1881 1242 iiie
1908 1198 1950 1244 eo

1207 1299 1311 1355 anno,
1331 1294 1396 1362 qno
1413 1280 1518 1341 Roma
1534 1276 1651 1355 abfuit,
1674 1292 1709 1341 et
1724 1299 1791 1363 qno
1808 1270 1959 1344 incense

1208 1380 1313 1445 adhue
1333 1381 1402 1461 ejus
1420 1378 1604 1453 inureres,
1622 1397 1757 1442 sensum
1772 1401 1875 1463 agere
1887 1384 1952 1447 Ro·

1209 1502 1280 1546 mae
1302 1480 1422 1562 potnit!
1440 1481 1515 1548 *Vel
1534 1480 1666 1543 unicum
1682 1480 1747 1543 hoo
1764 1482 1954 1566 exemplum

1209 1584 1407 1649 documento
1432 1593 1520 1657 esto,
1549 1601 1646 1666 quarn
1669 1584 1796 1645 tonsore
1818 1582 1848 1645 ia
1872 1596 1955 1651 eata·

1209 1685 1322 1768 logos,
1352 1698 1386 1747 et
1413 1703 1509 1766 quarn
1536 1682 1627 1745 nulla
1654 1683 1749 1758 enisi,
1781 1681 1872 1765 qnod
1900 1689 1954 1750 rel

1209 1786 1298 1867 ipsos
1327 1784 1451 1847 tirones
1481 1802 1558 1845 mox
1586 1781 1752 1880 advertat,
1789 1787 1953 1850 consarci-

1209 1888 1304 1949 nitus
1328 1886 1379 1947 sit.
1413 1885 1511 1947 Numi
1536 1883 1751 1950 cernendas
1774 1896 1899 1948 tantum
1922 1887 1956 1947 in

1210 1984 1429 2051 consularibus
1449 1986 1504 2050 IV.
1524 1998 1557 2047 et
1575 1986 1633 2060 V.‚
1660 1986 1956 2069 qni‘eompleetnn-

1209 2102 1264 2152 tnr
1289 2104 1389 2149 annos
1408 2085 1457 2153 V·
1480 2084 1517 2147 C.
1541 2086 1614 2150 825.
1636 2084 1710 2150 nas.
1731 2088 1811 2167 827,
1843 2107 1956 2153 oenan-

412 2204 540 2274 tempus
566 2192 658 2255 nihii
683 2192 804 2253 habuit
832 2196 1021 2271 antiquius,
1054 2213 1154 2272 quam
1209 2182 1560 2262 mararensium,
1585 2186 1841 2269 atqueeansiem
1856 2189 1956 2253 etiam

405 2314 505 2374 prope
524 2292 706 2377 fficiam,
728 2298 963 2372 nutantemque
981 2296 1155 2374 rempubli-

412 2412 485 2453 cam
509 2392 661 2454 stabilire
679 2396 803 2475 primo,
835 2394 953 2455 deinde
974 2406 1154 2485 sternere.

364 2502 368 2511 ·
411 2494 503 2554 Haeo
520 2510 602 2572 vage
624 2490 816 2565 Suetonins3
840 2505 872 2555 at
888 2492 1087 2559 Censorinus
1103 2517 1157 2560 an·

1212 2289 1344 2353 omnino
1360 2288 1472 2373 legem
1490 2298 1672 2370 sequuntur
1686 2288 1778 2351 numi
1794 2287 1876 2369 Tiri,
1900 2292 1958 2375 qui

1212 2391 1312 2476 patris
1332 2387 1394 2450 init
1416 2387 1450 2449 in
1472 2407 1612 2453 sensura
1634 2389 1791 2474 conlega,
1817 2390 1882 2453 etsi
1902 2390 1959 2453 laio

1213 2512 1255 2556 eo
1279 2488 1427 2566 differat,
1458 2488 1546 2574 quod
1566 2491 1713 2554 censoris
1736 2490 1868 2553 titulnm
1891 2512 1958 2555 sus·

411 2612 488 2653 num
504 2592 610 2675 ipsum
626 2592 777 2657 nunciat
796 2590 846 2675 ¹³),
868 2610 942 2657 oum
962 2608 1088 2674 namet,
1111 2594 1157 2660 fa·
1214 2592 1325 2659 citeris
1346 2591 1576 2654 in'oonsnlatu
1594 2590 1653 2657 VI.
1690 2592 1782 2675 Ergo
1806 2592 1897 2677 qnosl
1920 2594 1961 2657 asl

405 2708 502 2759 ,etum
523 2712 596 2758 esse
615 2693 752 2758 lustrum
769 2693 810 2758 ab
824 2690 1024 2780 imperatore
1035 2673 1159 2781 Vespa·
1216 2712 1374 2759 censurae
1400 2692 1523 2757 exitum
1547 2690 1680 2770 attinet,
1710 2693 1815 2777 proha
1845 2714 1966 2761 ronre-

417 2797 507 2860 siano
522 2797 564 2863 V.
587 2809 619 2859 et
639 2795 777 2860 Caesare
797 2799 852 2862 111.
871 2818 938 2861 cos.
967 2796 1086 2861 Incidit
1104 2799 1159 2862 hio
1215 2796 1264 2858 nit
1281 2794 1464 2859 Censorino
1481 2815 1557 2857 oum
1574 2794 1698 2872 numia,
1715 2797 1772 2876 qui
1787 2797 1831 2863 V.
1846 2797 1884 2862 C.
1902 2797 1966 2880 ⁸⁹7

381 2879 388 2906 ⁸
417 2881 587 2982 utriusque
604 2899 789 2960 consulatus
804 2899 838 2959 in
852 2920 970 2962 anunm
985 2899 1026 2966 V.
1036 2901 1073 2962 C.
1088 2900 1161 2981 827.
1219 2895 1386 2961 eonditum
1418 2919 1437 2960 a
1466 2896 1667 2980 Vespasiano
1702 2895 1843 2960 lustrum
1877 2897 1968 2962 adse·

418 3000 542 3061 Plinius
572 2997 657 3061 binis
683 2997 766 3062 loeis
798 2999 868 3080 ejus
897 3017 1055 3064 censurae
1086 2999 1166 3064 iacit
1219 2997 1273 3061 rit.
1305 2998 1347 3060 At
1371 3015 1447 3063 oum
1469 2996 1597 3060 Plinius
1619 2994 1871 3081 quadriennium
1891 2999 1969 3062 huie

420 3099 637 3174 mensionem,
661 3111 696 3160 et
712 3097 843 3182 qnidam
859 3119 925 3162 uno
946 3101 994 3182 ο)ε
1023 3101 1163 3165 Moenia
1220 3118 1380 3162 censurae
1411 3099 1603 3175 constituat,
1619 3084 1622 3090 ¹
1640 3096 1850 3182 intelligendi
1879 3099 1968 3163 haud

418 3201 488 3278 ejus
512 3199 667 3280 (Romae)
692 3199 854 3280 collegere
878 3201 1005 3262 ambitu
1025 3203 1164 3284 impero·
1221 3198 1320 3262 dubie
1348 3213 1423 3263 sunt
1442 3200 1524 3276 ¹anni
1550 3198 1761 3282 incompleti,
1790 3214 1824 3264 et
1850 3207 1969 3268 revera

421 3299 560 3373 toribus,
581 3297 830 3375 censoribusque
846 3301 1061 3378 Vespasianis
1078 3325 1164 3365 anno
1221 3301 1371 3384 eoeperit
1386 3302 1427 3367 V.
1443 3299 1480 3362 C.
1499 3301 1577 3377 aaa,
1597 3313 1630 3362 at
1649 3313 1807 3383 sequente
1827 3303 1970 3384 primum
2105 3284 2106 3295 ἶ

420 3400 574 3461 conditae
601 3399 664 3462 Bais
693 3398 1000 3478 passunm'XIII.'
1017 3403 1068 3464 M.
1099 3405 1164 3467 CC.
1222 3422 1309 3466 anno
1331 3403 1361 3465 is
1380 3400 1496 3465 titulus
1518 3398 1620 3465 inerit
1639 3415 1792 3466 monetae
1814 3401 1970 3466 inaenus

421 3501 538 3564 Altero
557 3497 606 3579 dn
627 3497 780 3582 exemplo
800 3499 1019 3562 recentissimi
1038 3523 1165 3580 census,
1221 3505 1387 3567 Marmora
1408 3500 1643 3585 Vespasianum
1668 3501 1776 3567 adhue
1798 3503 1833 3564 in
1853 3523 1972 3566 eonsu-

419 3621 513 3690 quem
546 3603 638 3662 intro
668 3601 922 3677 quadriennium
950 3604 1165 3684 imperatores
1222 3605 1339 3670 latibus
1356 3605 1443 3673 Vlli-
1462 3616 1497 3667 et
1512 3604 1567 3667 IX.
1591 3623 1764 3667 censorem
1788 3604 1967 3689 appeliant,

421 3699 577 3764 Caesares
592 3702 800 3781 Vespasiani,
813 3715 911 3783 pater
913 3697 1076 3784 filiusque
1092 3726 1165 3768 oen·
1221 3705 1282 3770 sesi
1305 3703 1391 3769 istud
1414 3703 1549 3768 honoris
1561 3716 1695 3768 *nutum
1716 3725 1829 3784 eausa,
1865 3717 1903 3769 ut
1927 3707 1967 3785 L,

420 3821 510 3860 sores
527 3812 675 3879 egerunt.
696 3800 810 3894 Numi,
833 3801 860 3864 si
875 3800 980 3866 editos
998 3804 1164 3888 catalogos
1221 3807 1374 3875 Viseliius
1400 3805 1499 3869 eriam
1523 3804 1560 3866 in
1586 3807 1692 3872 numia
1720 3821 1797 3891 post
1823 3819 1966 3876 mortem

421 3913 565 3982 spectes,
583 3899 706 3966 sarium
721 3901 791 3982 ejus
806 3921 964 3972 sensurae
979 3923 1054 3971 oum
1069 3927 1164 3972 exor-
1221 3909 1307 3973 ensis
1324 3925 1445 3973 censor
1462 3903 1592 3972 nisum.

1059 4214 1326 4332 rarrtrn.
1455 4175 1475 4219 ⁵

621 4397 743 4476 Aurei,
766 4401 969 4482 esurgentes

462 4633 493 4702 a>
513 4633 625 4710 cape.
728 4633 765 4708 s)
784 4632 882 4690 uene
897 4643 957 4690 nsi.
974 4633 1114 4718 exvns
1219 4639 1249 4710 c)
1268 4635 1479 4717 s.111.1›.1se.
1496 4639 1566 4700 eus.
1581 4637 1673 4697 nara
1772 4637 1808 4713 a)
1827 4592 1971 4699 risun.

424 4739 455 4794 p.
468 4730 530 4782 405.
650 4727 653 4738 '
