4267 5500
657 553 1128 638 ·u.tuuou·1v··s
1427 603 1432 613 -
1652 586 1702 652 ῃ
1776 587 1780 595 1

136 729 207 794 fert
236 728 438 808 Plutarchus
454 736 501 808 ⁵),
537 728 582 792 'in
603 729 759 796 Antonio
791 731 893 802 fnisse
950 735 1092 818 quornm
1115 732 1299 818 perniciem
1317 734 1575 819 'conjuraverat,
1613 737 1699 802 suu»

137 833 368 898 excellentem
402 831 565 918 quandam
598 829 727 909 lernae
758 834 894 920 <lignice
951 851 1042 922 ptam
1060 836 1172 901 tuimet
1189 838 1394 920 supplicium.
1415 839 1591 905 Praeclare
1609 841 1698 904 istnd

137 951 231 1014 tem,
252 957 347 1021 qnam
366 936 469 999 etiam
483 931 654 1018 adjurabat
673 937 777 999 turbe
797 949 895 1017 quoe·
951 935 1162 1002 confirmatur
1179 959 1235 1013 eo,
1257 939 1347 1024 'quod
1363 941 1494 1022 expleta
1512 961 1573 1025 per
1592 943 1697 1020 Bruti,

137 1039 224 1100 datm
238 1043 452 1120 generosior,
481 1055 593 1122 nepes
612 1058 663 1110 τις
681 1033 733 1099 eo's
755 1033 894 1125 siqesssue.
952 1055 986 1103 et
1016 1041 1118 1104 Cassii
1146 1033 1279 1118 necem,
1316 1061 1398 1130 quae
1426 1064 1511 1106 anno
1539 1057 1698 1129 sequente

139 1139 277 1207 Verum
308 1137 391 1203 bueo
418 1137 489 1200 laus
517 1136 618 1200 suerit
645 1135 734 1202 ferte
761 1141 897 1206 Antonii
932 1141 1117 1228 ·eontigit‚'
1131 1141 1272 1207 vindicta
1286 1141 1328 1206 sd
1343 1144 1467 1206 cultam
1484 1143 1630 1228 priorem
1648 1165 1703 1207 re·

138 1241 293 1325 juvenis,
323 1260 399 1304 nam
428 1238 655 1304 adolescentes
680 1242 822 1307 Romani
848 1243 920 1330 uls
953 1243 1051 1324 divit,
1072 1244 1161 1330 qued
1177 1229 1338 1309 testentur
1352 1245 1443 1307 numi
1459 1265 1543 1308 anoo
1558 1264 1699 1330 sequen·

138 1356 199 1406 tra
220 1344 327 1428 ipsum
351 1342 450 1408 ctiam
472 1342 586 1407 aetatis
605 1365 723 1407 aunum
737 1346 809 1410 XX.
826 1345 899 1408 ban
954 1359 987 1411 te
1006 1346 1070 1432 7¹3
1089 1346 1221 1428 signati,
1245 1347 1303 1430 qni
1326 1346 1398 1429 ejus
1423 1367 1522 1432 genas
1542 1347 1607 1430 jam
1631 1345 1700 1409 lae·

141 1445 224 1508 bam
247 1445 338 1509 alere
360 1457 435 1514 snut
455 1444 562 1524 soliti,
591 1459 629 1509 nt
653 1445 814 1531 prolixius
840 1447 898 1511 do»
949 1471 1012 1516 'ses
1029 1445 1332 1532 exbibent3'neque
1353 1448 1508 1532 deinceps
1530 1447 1699 1512 barbstutu
1829 1456 1862 1547 Ἰ
1926 1459 1929 1465 “

142 1547 233 1613 cebo
257 1547 290 1608 in
313 1546 420 1609 numis
440 1547 581 1632 Augusti
603 1546 645 1610 ad
666 1569 784 1612 annum
803 1549 843 1616 V·
859 1549 895 1618 C.
953 1551 1064 1617 uideas
1077 1551 1255 1613 Antonium
1271 1550 1442 1627 insumis,
1461 1550 1516 1634 qui
1533 1568 1595 1633 per
1609 1563 1700 1614 certa

140 1671 224 1732 7¹7·
262 1647 389 1712 Eodem
416 1661 500 1712 teste
529 1649 708 1714 Plutarcho
735 1648 769 1733 ιι)
796 1649 897 1712 Anto·
951 1652 1072 1717 indicia
1098 1652 1275 1738 posteriori
1299 1651 1438 1736 cuipiam
1468 1670 1552 1716 enno
1579 1649 1701 1715 deben-

141 1752 222 1814 nius
252 1765 324 1836 post
352 1749 479 1815 cladem
505 1751 725 1816 Mutinensem
754 1771 896 1828 comam,
952 1767 1017 1820 tur.
1048 1754 1101 1816 Ad
1117 1756 1200 1818 banc
1220 1774 1346 1816 causam
1362 1775 1433 1816 cum
1450 1773 1516 1816 non
1539 1751 1615 1817 satis
1634 1751 1700 1814 ani·

140 1854 348 1938 barbamque
373 1850 532 1937 promisit.
571 1853 639 1915 Sed
662 1852 748 1915 istud
774 1853 897 1918 fectum
952 1869 1042 1919 mum
1072 1855 1283 1920 adverterent
1312 1853 1449 1931 cruditi,
1489 1853 1627 1930 laetum,
1664 1867 1700 1914 ut

143 1969 201 2018 est
223 1954 405 2040 praesentis
426 1954 533 2017 luetns
558 1975 670 2031 caesa,
695 1975 793 2038 quem
818 1973 895 2018 mox
952 1979 1052 2042 saepe
1068 1979 1185 2022 numos
1203 1955 1339 2018 Antonii
1360 1953 1487 2022 barbati
1508 1954 1599 2017 annis
1623 1975 1698 2017 con-

141 2057 301 2121 sbstersit
325 2056 403 2119 inita
428 2076 502 2118 cum
530 2053 726 2134 Octaviano,
757 2057 894 2141 aliisque
953 2060 1174 2146 sequentibus,
1189 2057 1346 2121 imberbis
1362 2078 1446 2121 anuo
1459 2055 1625 2141 praesenti
1639 2054 1700 2116 ini·

141 2157 286 2223 ducibus
300 2195 307 2206 ι
322 2157 507 2222 concordia.
551 2159 633 2222 Cum
668 2158 732 2240 jam
765 2158 894 2243 pridem
953 2184 1017 2249 que
1036 2163 1259 2248 adfigerents
1316 2156 1320 2160 “

141 2259 234 2344 apud
255 2262 420 2323 Romanos
444 2279 514 2321 snos
533 2259 736 2336 invaluisset,
756 2274 802 2352 ¹ut
824 2261 897 2324 ber·
1129 2274 1134 2281 ’
1210 2309 1231 2347 ,
1273 2252 1276 2256 ’
1315 2259 1337 2304 0
1420 2304 1440 2342 ,,

143 2363 224 2425 hm
247 2361 405 2426 raderent
425 2361 617 2425 testantibus
641 2361 897 2424 istud‘luculen-
1115 2368 1162 2432 M.
1173 2361 1411 2433 ANTONIVS.
1420 2361 1553 2427 IllVIll.
1565 2360 1651 2425 etr.
1661 2359 1698 2424 C.

143 2481 182 2529 te
206 2465 331 2542 nemis,
358 2465 393 2525 in
422 2463 538 2548 quibus
566 2463 684 2548 passim
707 2462 816 2527 videas
838 2463 897 2526 iut-
1117 2469 1233 2531 addito
1251 2470 1289 2530 in
1304 2467 1386 2528 eliis
1403 2461 1524 2541 Ave,
1552 2463 1701 2542 volesus
1747 2443 1756 2454 ¹

144 2567 270 2631 berbes
295 2565 482 2650 propositos
504 2566 699 2629 Marcellum
724 2565 896 2650 quinquies
941 2577 943 2584 '
1116 2571 1188 2632 uice
1208 2570 1306 2632 lt'tuo.
1338 2568 1446 2650 Caput
1466 2565 1617 2628 Antonii
1641 2585 1701 2625 nu·

145 2670 338 2746 consulem,
375 2667 527 2730 Coelium
561 2669 717 2745 Caldum,
755 2668 896 2745 Sullam,
1117 2672 1194 2732 dum
1215 2669 1400 2733 barbatum.
1544 2750 1549 2757 Ι

148 2774 288 2858 ejusque
313 2775 349 2835 iu
374 2771 545 2836 consulatu
568 2770 731 2855 collegam
756 2770 897 2854 Pompe·
954 2771 989 2833 C.
1015 2770 1198 2839 CAESAR.
1227 2769 1361 2840 tnvtlt.
1388 2772 1429 2831 R.
1454 2768 1493 2835 P.
1517 2768 1556 2834 C.
1592 2768 1701 2850 Caput

146 2878 215 2959 jum
243 2873 382 2951 Reium,
414 2872 609 2956 Pompejum
634 2876 701 2949 M„
733 2875 758 2936 l.
784 2872 897 2933 caess·
952 2876 1140 2939 'octaviane'
1155 2876 1278 2936 nudum
1299 2874 1483 2937 barbatum·
1504 2870 1578 2937 AV.
1597 2870 1698 2952 (Mus.

148 2998 239 3053 rem,
257 2976 372 3061 quaeri
389 2976 462 3058 jure
482 2988 604 3058 potest,
625 2994 707 3059 quae
726 2992 821 3036 causa
837 2970 895 3049 sit,
922 3022 925 3029 .
955 2974 1063 3055 Caes.)

150 3100 210 3143 cur
232 3082 332 3141 modo
356 3077 419 3141 viri
438 3078 563 3141 Romae
583 3059 745 3151 illustres,
766 3076 897 3141 Μ..Αῃ-
1115 3075 1247 3141 lllVIR.
1267 3074 1308 3134 R.
1326 3072 1365 3136 Ρ.
1385 3071 1422 3137 G.
1455 3071 1564 3153 Caput
1585 3070 1701 3131 mulie·

148 3180 273 3257 tonius,
318 3182 397 3245 Sex.
433 3178 631 3262 Pompejus,
676 3180 723 3242 M.
756 3178 895 3252 Brutus,
947 3188 950 3193 “
1022 3240 1028 3265 5
1116 3176 1173 3237 bre
1192 3177 1347 3238 velatum.
1387 3185 1392 3190 “

150 3282 367 3359 octavianus,
406 3279 570 3364 Lepidus,
609 3279 772 3343 Domitius
808 3276 896 3339 Ahe-
952 3272 999 3341 M.
1019 3274 1185 3342 ΑΝΤΟΝ.
1203 3310 1245 3324 -
1261 3267 1445 3338 CAESAR.
1469 3274 1570 3334 Duae
1586 3272 1699 3333 dexte-

149 3383 331 3461 oobarbus,
372 3381 555 3459 Labienus,
591 3395 628 3444 nt
655 3382 746 3444 numi
775 3379 895 3443 iterum
954 3399 1023 3441 roe.
1042 3378 1220 3441 caduceum
1248 3380 1427 3451 sustinent.
1466 3370 1568 3466 Quin.
1594 3370 1697 3454 (Mes.

150 3486 289 3565 decent,
316 3484 452 3549 barbam
476 3482 699 3568 promiserint.
728 3477 810 3565 Ejus
832 3502 896 3566 ego
955 3480 1064 3562 Caes.)

150 3588 286 3651 instituti
302 3586 396 3651 aliam
414 3606 542 3650 eausam
558 3606 624 3649 nen
638 3586 784 3669 reperio,
801 3604 897 3669 quam
1117 3580 1163 3641 M.
1180 3576 1345 3641 ANTON.
1362 3575 1450 3640 IMP.
1473 3574 1540 3639 orl.-
1559 3576 1606 3639 M.
1624 3574 1698 3634 AN·

153 3690 223 3753 aliis
234 3688 320 3752 istud
333 3686 472 3751 suasisse
485 3687 608 3751 luctum
622 3687 706 3770 reip.
718 3680 895 3771 publicum,
1117 3679 1219 3744 TON.
1237 3678 1332 3743 COS.
1349 3676 1439 3741 IMP.
1454 3675 1587 3749 Lituus,
1602 3694 1700 3756 proc·

155 3792 245 3875 cujus
261 3791 346 3853 infra
364 3790 398 3851 in
416 3790 564 3873 Auguste
582 3790 713 3875 eopiosa
729 3790 896 3875 proferam
1106 3783 1311 3865 firiouluns,
1334 3798 1461 3842 coruus.

155 3892 354 3971 testimonia,
386 3892 457 3955 aliis
485 3890 646 3956 vindictae
673 3888 715 3956 de
746 3890 894 3956 hostibus
951 3891 1001 3955 Μ.
1015 3886 1160 3952 LEPlD.
1176 3883 1264 3948 tttt’.
1284 3881 1352 3944 uel:
1372 3877 1419 3944 M.
1436 3877 1580 3940 LEPlD.
1599 3874 1697 3940 COS.

156 3996 327 4058 sumendae
347 3993 506 4070 studium,
528 3994 619 4076 cujus
638 3994 766 4057 illustre
785 4014 895 4058 exem·
951 3990 1040 4057 lMP.
1063 3986 1304 4071 capedunculas,
1321 3978 1546 4064 aspergillunt,
1562 3979 1698 4060 secespi-

157 4097 242 4180 plum
262 4096 304 4161 de
322 4100 347 4162 1.
365 4096 505 4160 Caesare
528 4095 634 4159 refert
656 4096 831 4160 Suetonius
847 4098 894 4179 ⁰),
952 4106 1004 4172 to,
1022 4111 1120 4177 open.
1141 4094 1176 4152 lu
1190 4084 1343 4165 denariis,
1360 4083 1412 4149 tel
1428 4079 1595 4169 quinariis.
1611 4082 1697 4165 (Mo

158 4198 258 4262 audita
294 4217 380 4271 eum„
409 4196 502 4261 clade
540 4198 707 4263 Tituriana
743 4196 893 4274 barbam,
950 4189 1054 4275 rolli.)

161 4300 351 4385 capillosque
370 4300 585 4378 summisisse,
606 4292 670 4365 neo
690 4314 783 4363 antea
804 4300 893 4363 dem·
1014 4295 1141 4361 Omitto
1170 4290 1321 4354 denarios
1349 4287 1447 4363 alios,
1477 4285 1534 4367 qui
1562 4282 1696 4373 lllsiros

161 4403 273 4485 psisse,
316 4424 412 4487 quam
444 4402 648 4468 vindicasset.
692 4401 820 4467 Eodem
859 4416 892 4465 et
950 4399 1093 4474 sociant,
1128 4395 1261 4479 cognito
1285 4392 1350 4476 jam
1379 4398 1584 4472 argumente.
1622 4383 1696 4445 'Pri-

163 4505 310 4569 Antonius
334 4503 474 4567 oonsilio
497 4504 619 4569 tamdiu
641 4504 775 4568 barbam
796 4504 897 4568 nutri·
954 4502 1097 4563 beentur
1122 4496 1267 4559 Antonio
1293 4492 1506 4555 instrumente
1528 4487 1696 4569 auguralis

165 4607 256 4685 serit,
289 4600 397 4671 donee
429 4606 472 4671 de
503 4608 650 4671 Caesaris
682 4600 825 4683 sicariis,
861 4604 896 4667 in
954 4603 1076 4689 quippe
1094 4599 1219 4683 auguri.
1248 4595 1341 4690 Quae
1364 4605 1461 4656 oausa'
1483 4610 1618 4654 corvum
1641 4610 1696 4652 au·

196 4837 221 4903 ι)
238 4829 270 4889 ln
288 4832 395 4887 tuton.
411 4851 440 4908 p,
453 4844 515 4904 917.
533 4832 568 4893 c.
585 4826 593 4839 “
642 4834 677 4905 b)
697 4832 770 4890 ibid.
788 4852 817 4909 p.
831 4842 895 4905 925.
912 4828 946 4890 C.
1017 4830 1050 4901 e)
1070 4827 1100 4884 in
1115 4824 1138 4885 1.
1154 4826 1241 4885 caes.
1256 4844 1281 4883 c.
1292 4827 1336 4889 οι.
