4267 5500
436 527 526 638 m
1050 543 1101 615 u.
1135 538 1406 632 susurru.

451 723 489 784 P.
502 717 701 790 LICJNIVS.
729 713 891 780 stou-0.
915 712 1074 780 PRAEF.
1097 713 1197 782 VRB.
1255 729 1298 774 eo
1323 720 1420 792 eaput
1438 705 1579 791 Augusti
1591 705 1753 791 agnoscit.
1794 707 1935 794 Vtrique
1957 721 2004 774 ts·

425 822 586 893 ..uivus
607 806 648 882 A.
673 818 714 883 A.
734 819 774 885 A.
789 816 828 880 F.
848 816 886 878 F.
932 814 1090 899 Clrpeus,
1116 835 1200 900 puts
1255 833 1332 898 meu
1360 809 1490 874 erudito
1526 809 1598 873 viro
1627 809 1786 871 numisma
1812 825 2004 896 suspectum

421 928 561 999 ,navis‚
579 923 755 1004 pharetra,
776 935 862 1000 apex
872 913 1090 1000 pontificalis.
1122 916 1195 984 ΑΕ.
1253 913 1395 980 videtur.
1432 912 1477 974 At
1499 931 1552 975 me
1579 910 1686 994 judice
1700 931 1767 974 non
1784 911 1874 975 iuter
1888 934 2004 997 suspe-

448 1043 535 1090 mux.
549 1021 637 1094 mod.
650 1016 863 1106 praegrandis
882 1017 1066 1086 voluminis.
1094 1019 1195 1102 (Mus.
1254 1029 1321 1092 otu,
1350 1014 1410 1078 ssd
1439 1013 1544 1098 palam
1571 1012 1752 1076 adulterina
1775 1011 2002 1096 ablegabitur‚

421 1106 561 1210 ,cfleffij
806 1152 817 1210 '.
1251 1115 1343 1202 ‚quod
1369 1114 1448 1176 mibi
1470 1114 1554 1177 illud
1585 1114 1738 1179 adcurate
1756 1117 2003 1198 eontemplanti

448 1294 453 1301 ,
603 1227 710 1302 Caput
721 1221 853 1303 puerile
872 1219 1006 1285 nudum.
1254 1238 1297 1282 ex
1323 1217 1460 1293 fabrica,
1487 1217 1623 1302 aliisque
1650 1214 1755 1280 modis
1772 1217 1870 1282 scits
1885 1219 2004 1302 patuit.

450 1329 488 1390 P.
497 1325 696 1393 LICINIVS.
717 1320 879 1386 STOLO.
899 1322 1031 1389 ntvnt.
1052 1320 1194 1386 A.A.A.
1253 1319 1298 1380 Et
1321 1318 1496 1381 ridiculum
1523 1339 1619 1393 saue,
1652 1323 1858 1403 praestemus
1887 1324 2001 1397 urhis,

445 1430 485 1494 F.
506 1429 546 1494 F.
569 1429 746 1490 inmenso.-
786 1424 820 1487 S.
837 1423 875 1486 C.
904 1423 976 1486 ΑΕ.
991 1424 1016 1482 Ι.
1045 1421 1197 1500 (Marulli
1254 1418 1343 1504 quod
1360 1441 1474 1482 munus
1491 1420 1620 1484 nonnisi
1636 1421 1714 1486 viris
1735 1421 1886 1498 summis,
1908 1421 2000 1484 etab

446 1531 481 1594 in
511 1530 597 1611 Aug.
618 1527 682 1590 tub.
698 1525 801 1593 XXV.
827 1545 860 1584 n.
877 1543 926 1604 aa.
949 1543 992 1586 ex
1015 1543 1097 1586 mus.
1122 1543 1197 1607 reg.
1253 1522 1325 1586 aliis
1348 1521 1528 1584 bonoribus
1548 1522 1731 1605 conspicuis
1756 1523 1902 1586 delatum
1918 1522 2002 1600 init,

423 1617 534 1694 nait.
560 1627 735 1713 spanheim
763 1646 809 1690 ex
835 1627 919 1690 Mus.
949 1623 1073 1689 Medio.
1099 1627 1194 1692 Tum.
1253 1622 1372 1687 eodem
1402 1638 1552 1708 tempore
1591 1624 1691 1688 fuisse
1720 1623 1817 1687 etiam
1846 1625 2003 1690 lllsirum

447 1731 643 1816 lupeno.)
1252 1725 1470 1803 monetalem,
1500 1747 1591 1811 quse
1629 1724 1768 1808 dignitas
1805 1725 1910 1810 primu
1940 1727 2006 1789 fuit

445 1865 454 1902 ς
481 1896 484 1900 A
509 1832 636 1894 Numus
660 1831 753 1916 prior
778 1851 820 1893 ex
844 1831 993 1892 Romano
1012 1827 1196 1891 curthusia-
1251 1827 1309 1904 iis,
1333 1827 1388 1912 qui
1403 1817 1561 1912 adremp.
1577 1841 1795 1892 accesserunt.

444 1955 564 1999 norum
600 1953 714 1996 museo
740 1933 775 1993 in
795 1933 992 1995 Caesareum
1024 1929 1194 2011 migravit„
1314 1931 1454 1992 Numam
1484 1928 1625 1992 alterum
1656 1930 1904 2012 Haveroampus
1932 1929 2004 2011 caji

444 2051 481 2100 et
506 2050 602 2120 caput
620 2037 749 2099 antisse
778 2053 839 2116 pro
862 2031 1022 2094 Marcello
1051 2029 1196 2110 vendita·
1252 2031 1398 2094 Caesaris
1416 2051 1488 2094 esse
1504 2042 1594 2114 putat
1610 2032 1656 2111 ¹),
1677 2031 1893 2114 spanhemius
1912 2034 2003 2094 Mar-

443 2151 513 2200 tum
529 2137 617 2215 isit,
643 2155 709 2220 quo
727 2134 884 2211 nomine,
909 2133 971 2195 etsi
995 2153 1037 2194 ex
1055 2132 1194 2195 aliorum
1252 2133 1341 2196 celli.
1373 2133 1441 2194 Alii
1459 2131 1612 2214 juvenem
1632 2132 1814 2216 Augustum
1827 2135 2006 2216 praetule-

443 2238 553 2322 potius
580 2238 759 2313 sententia,
787 2235 894 2298 editus
916 2247 967 2298 ost
988 2233 1193 2296 aFriiliohio
1249 2254 1299 2297 re.
1338 2235 1422 2296 Mihi
1436 2233 1471 2293 hi
1491 2253 1621 2318 quoque
1645 2235 1734 2296 nunni
1757 2235 1936 2302 adulterini
1957 2240 2004 2302 vi·

443 2340 480 2400 in
501 2339 641 2402 cimelio
660 2335 909 2406 vindobonensi
929 2347 1020 2418 parte
1040 2335 1082 2399 11.
1107 2337 1195 2421 Eun·
1252 2337 1370 2398 dentur
1391 2356 1466 2399 oum
1490 2335 1534 2397 ob
1562 2336 1639 2399 alies
1665 2355 1794 2412 causas,
1822 2351 1892 2400 tum
1911 2339 2004 2422 quod

447 2439 525 2503 dem
548 2439 746 2502 delineatum
781 2438 862 2500 stitit
889 2437 1133 2516 Haueroampus
1159 2437 1194 2498 in
1250 2439 1311 2518 sub
1329 2437 1468 2522 Augusti
1487 2436 1626 2521 imperio
1648 2437 1817 2500 rarissime
1835 2439 1871 2502 iu
1888 2441 2001 2504 aeneis

443 2539 536 2604 edito
552 2560 623 2609 ase
637 2537 761 2604 Orosio
780 2537 822 2603 ad
837 2540 877 2604 Is.
894 2541 950 2608 vt.
967 2559 997 2604 o.
1020 2557 1079 2616 uo,
1109 2551 1140 2602 at
1158 2537 1193 2600 iu
1251 2543 1276 2608 1.
1288 2541 1416 2604 formae
1431 2539 1536 2624 cupita
1550 2538 1673 2624 signari
1685 2540 1750 2603 siut
1767 2540 1875 2604 solita.

1042 2820 1095 2885 M.
1119 2820 1397 2888 AGRIPPA.

503 2991 550 3053 bi.
566 2988 740 3075 Vipsanius
766 2988 914 3073 Agrippa
949 3002 1015 3052 tam
1034 2987 1190 3053 obscuris
1248 2988 1445 3075 Apollonias
1482 2986 1579 3052 etism
1608 3008 1683 3051 cum
1713 3008 1755 3051 so
1785 2990 1997 3067 versabatur,

440 3091 600 3154 natatibus
640 3104 731 3154 ortus
762 3089 842 3168 fuit,
877 3104 914 3152 ut
942 3090 1012 3173 ipse
1043 3092 1191 3175 Vipsanii
1248 3112 1320 3155 oum
1346 3092 1482 3154 nuncius
1505 3090 1546 3153 de
1567 3090 1668 3155 caedo
1692 3092 1715 3151 1.
1741 3091 1892 3154 Caesaris
1911 3094 2001 3156 adla-

442 3211 565 3254 nomen
588 3192 679 3275 quasi
706 3204 933 3281 argumentum
955 3206 1110 3275 paternae
1133 3194 1192 3254 hu·
1248 3206 1367 3257 tuaest
1393 3192 1430 3276 ἶ).
1458 3192 1607 3256 Arduum
1624 3192 1743 3256 deinde
1759 3214 1854 3255 suum
1874 3214 1912 3256 nc
1929 3194 2000 3275 ple·

441 3290 586 3354 militatis
605 3292 755 3368 tolleret,
772 3304 858 3353 etse
875 3304 997 3353 tautum
1013 3296 1059 3358 Μ.
1074 3292 1191 3377 Agrip-
1248 3317 1326 3368 num
1352 3296 1508 3379 periculis
1532 3294 1735 3381 propositum
1755 3316 1881 3377 urgens
1898 3292 2000 3359 Octa·

442 3416 518 3487 pam
549 3392 616 3456 diei
645 3392 748 3458 vellet
770 3387 822 3472 b),
852 3392 1021 3476 nolletque
1044 3393 1190 3478 Caligula
1248 3398 1359 3463 vianus
1387 3396 1468 3459 nibil
1499 3396 1584 3481 egit,
1616 3397 1679 3459 nisi
1706 3398 1860 3475 conscio,
1892 3397 1999 3477 duce,

423 3494 485 3557 ‚ob
520 3492 756 3579 ignobilitatem
786 3492 857 3575 ejus
889 3512 925 3555 se
954 3496 1008 3557 ve'l
1034 3510 1190 3578 nepotem
1241 3520 1285 3562 au
1311 3498 1510 3585 adprobante
1542 3498 1699 3583 Agrippa.
1744 3501 1852 3583 Hujus
1880 3501 1998 3565 virtuti

438 3597 549 3675 credi,
572 3597 627 3663 tel
645 3595 710 3661 dici
730 3598 770 3679 c).
802 3596 884 3657 Cum
898 3594 1024 3657 Plinius
1046 3616 1121 3658 eum
1143 3595 1189 3658 di·
1209 3656 1214 3665 ,
1242 3598 1361 3663 ¹debuit
1376 3613 1572 3663 summotum
1592 3602 1668 3665 Sex.
1683 3602 1898 3685 Pompejnm‚
1917 3624 2000 3665 exu-

439 3714 491 3763 oat
519 3713 684 3763 mortuum
709 3698 977 3784 quiuquagesimo
1004 3698 1110 3781 primo
1132 3719 1188 3761 ιο·
1246 3714 1315 3763 tum
1366 3701 1506 3786 imperio
1549 3706 1595 3767 Μ.
1631 3704 1826 3783 Antonium,
1885 3708 1998 3769 uictos

435 3802 511 3867 tatis
533 3786 652 3877 ωηο,
700 3813 736 3863 et
771 3801 927 3863 Nicolaus
967 3789 1188 3863 Dbmsscenus
1238 3802 1442 3880 cantabros,
1477 3816 1511 3865 st
1535 3801 1689 3881 Astures,
1719 3806 1931 3889 Bosporanus
1949 3810 1998 3870 ad

438 3904 588 3989 Augusto
618 3902 884 3983 majoremuatu
912 3900 1059 3981 adserat,
1101 3902 1188 3966 eruit
1235 3902 1437 3989 'obsequium
1471 3898 1661 3985 revocatos,
1699 3920 1733 3969 et
1760 3922 1906 3991 pacatam
1936 3933 1999 3994 pu-

438 4026 481 4070 sx
511 4004 563 4066 bis
590 4002 782 4080 testimoniis
807 4004 971 4081 Nouimus,
1005 4005 1186 4090 Agrippam
1244 4018 1366 4069 struma
1405 4005 1614 4089 expeditione
1652 4008 1869 4086 Pannoniam,
1909 4031 1998 4095 quae

436 4120 547 4171 natum
574 4105 711 4170 ineunte
737 4126 822 4169 auno
851 4107 892 4173 V.
915 4108 952 4173 C.
980 4103 1041 4189 bot
1068 4105 1111 4191 d).
1156 4108 1186 4170 A
1237 4106 1331 4171 bella
1355 4108 1463 4171 omnia
1482 4106 1634 4198 suprain
1651 4112 1801 4194 Augusto
1817 4132 1999 4196 perunna·

435 4230 541 4293 puero
565 4207 662 4271 simul
688 4228 762 4270 oum
786 4208 924 4271 Octavio
950 4207 1122 4287 educatus,
1147 4230 1185 4273 ao
1234 4210 1293 4273 ‘les
1324 4210 1449 4296 digesta
1467 4211 1658 4295 'reperies'
1678 4214 1876 4277 Munitorum
1898 4238 2001 4301 prae·

307 4302 314 4309 ⁴
435 4309 595 4396 singulari
613 4307 1129 4392 amicitiaoonjsnotissimusfuit
1144 4316 1183 4397 ε).
1241 4311 1306 4376 mia
1323 4312 1421 4378 luere
1437 4312 1621 4378 consulatus
1638 4317 1742 4393 terni,
1769 4338 1912 4401 quorum
1927 4320 2002 4403 pri-

452 4590 505 4665 'a)
524 4595 574 4652 Ad
587 4594 714 4654 Morellii
730 4595 825 4673 impp.
840 4614 870 4673 p.
882 4606 945 4660 551.
999 4595 1721 4668 .b)sementen.controvers.xt1.sub.fia.
1804 4607 1837 4676 e)
1857 4607 1941 4666 Suet.
1962 4610 2000 4665 iu

436 4682 652 4831 dippeus:-
700 4686 738 4760 d)
756 4684 1077 4754 CouotPis.2diss.11.
1094 4699 1155 4749 ot.
1229 4689 1262 4759 e)
1281 4686 1378 4747 Nicol.
1394 4690 1530 4749 Damaso.
1547 4688 1584 4748 ds
1603 4690 1780 4768 eduuTug.
1858 4696 2001 4769 Osset.

435 4791 466 4830 m
505 4793 552 4849 ug.
569 4782 652 4845 o9t.
1382 4788 1390 4805 ¹
