4267 5500
840 589 1053 666 nunna.
1646 612 1719 683 nos
1831 540 1841 550 ’

171 754 395 822 didrseltutum
424 771 558 832 causus,
589 753 677 838 qaotl
704 776 766 840 pro
793 777 849 834 se,
881 773 916 823 et
972 760 1031 823 lec
1044 778 1199 825 coercens
1211 781 1262 839 su,
1279 780 1363 842 quoe
1378 761 1480 846 plone
1494 764 1720 829 abominanda

171 859 274 923 l'etro
298 857 496 944 persolvisse
519 856 684 920 Christum
709 871 830 923 statere
853 881 916 945 per
968 883 1029 944 per
1048 861 1164 937 urbes,
1182 874 1217 925 et
1232 864 1384 946 regiones
1401 866 1592 944 antiquitus
1604 878 1720 950 potru-

169 960 364 1025 mirsaulnns
385 959 421 1022 in
439 960 530 1044 pisce
554 958 688 1022 invento
708 975 819 1024 narrat
836 966 917 1026 llat-
973 966 1023 1026 vit
1043 962 1253 1029 idololotria.
1286 963 1413 1061 Quibus
1434 965 1547 1031 verbis
1570 960 1718 1051 persuasi

169 1065 284 1127 thaeus
307 1073 347 1139 ¹).
385 1063 481 1125 Anno
508 1062 550 1129 V.
569 1062 606 1123 (L
634 1062 699 1125 ese
725 1062 918 1148 Hierosoly·
972 1062 1068 1127 inere
1087 1084 1154 1127 uon
1176 1066 1289 1149 pauci,
1311 1066 1455 1132 sutrim
1472 1068 1718 1131 Constantinum

168 1166 231 1228 anis
258 1188 279 1229 a
303 1162 505 1248 Vespasiano
533 1182 610 1226 curn
635 1164 762 1249 templo
789 1166 914 1229 eversis
971 1184 1086 1229 omnes
1101 1166 1163 1231 hac
1181 1168 1257 1251 lego
1274 1188 1418 1253 pagense
1440 1168 1610 1253 religionis
1634 1169 1717 1234 ritus

167 1266 248 1350 jussi
278 1278 353 1329 sunt
382 1264 495 1327 ludaei
528 1264 715 1351 ubicunque
751 1280 915 1331 terrerum
972 1267 1118 1345 aboleri,
1146 1266 1206 1330 sed
1232 1267 1319 1352 quod
1348 1280 1458 1334 certae
1485 1269 1641 1333 historise
1663 1270 1720 1332 asl-

167 1366 347 1432 existeutes
375 1365 599 1430 didrachmum
619 1367 704 1431 illutl
723 1388 916 1453 repraesen·
972 1382 1131 1433 versatur.
1174 1372 1314 1432 Tantum
1343 1368 1421 1433 dicit
1449 1369 1632 1447 Eusebius,
1662 1390 1720 1434 as·

167 1484 256 1546 tare,
282 1461 349 1533 non
368 1481 477 1531 tamen
494 1490 664 1533 cessurum
681 1470 715 1532 in
730 1492 826 1533 nsum
842 1490 916 1533 suo·
971 1473 1030 1534 tits
1049 1470 1302 1556 ahimperstore
1321 1490 1363 1530 ru
1379 1486 1519 1553 μυσαρα,
1541 1470 1610 1533 sive
1635 1490 1717 1556 quse

166 1590 449 1647 rumorosorum,
474 1570 534 1635 sed
555 1571 641 1637 lovis
660 1572 851 1657 Capitolini,
878 1585 914 1635 ut
971 1594 1068 1657 supra
1093 1573 1226 1635 modum
1248 1571 1396 1648 infanda,
1423 1570 1598 1655 praecipue
1625 1586 1719 1636 extra

166 1672 291 1737 diserte
307 1672 483 1756 perhibent
499 1674 658 1757 Iosephus
671 1672 719 1753 b),
740 1688 776 1739 et
790 1662 856 1738 Dio
871 1684 912 1749 ο).
971 1675 1106 1752 unbem,
1126 1688 1219 1739 vetus
1237 1674 1425 1759 superstitio
1443 1672 1541 1746 fovit,
1561 1672 1718 1758 aluitque.

167 1774 398 1839 Allomitiano
415 1775 589 1839 ludoicum
598 1773 723 1859 fiscum
741 1779 914 1840 acerbissi-
971 1775 1109 1839 ludaeos
1132 1770 1232 1839 etiant‘
1253 1790 1367 1859 postes
1391 1796 1457 1837 nou
1479 1774 1581 1837 fuisse
1603 1775 1718 1838 immu-

165 1898 217 1940 ms
234 1864 348 1941 actum
366 1898 455 1953 esso,
476 1890 586 1939 narret
602 1877 778 1941 Suetonius
793 1876 845 1957 d),
868 1880 915 1940 ud
969 1900 1029 1941 nes
1057 1901 1076 1942 s
1104 1876 1263 1941 solvendo
1291 1878 1354 1941 hoc
1380 1875 1588 1953 didrachmo,
1620 1876 1717 1941 doce·

164 1998 261 2057 quem
285 1979 534 2062 deserebantur,
567 1981 626 2057 qui
649 1981 705 2043 osl
724 1981 913 2063 improfessi
969 2002 1043 2043 mur
1060 1978 1428 2066 ex'epiatoluOrigenis
1446 1976 1488 2041 at
1506 1976 1715 2041 Africanum:

165 2081 338 2143 loduicum
351 2081 719 2143 introurbemoioerent
731 2083 847 2158 vitam,
860 2081 915 2144 vsi
967 2106 1016 2143 και
1035 2105 1080 2143 sos
1097 2076 1241 2144 lenimus
1259 2088 1293 2143 τὸ
1308 2076 1479 2166 διδραχμν
1505 2076 1608 2155 duran
1632 2078 1715 2163 (Pu-

165 2181 381 2243 dissimulato
404 2183 536 2263 origine
556 2183 715 2264 impositu
732 2184 829 2264 genti
844 2174 913 2243 tn·-
967 2185 1086 2267 panon)
1097 2186 1268 2269 rehousrcos,
1285 2194 1318 2245 et
1330 2203 1405 2245 oum
1419 2202 1506 2245 nunc
1517 2199 1645 2261 quoque
1660 2181 1716 2244 lu·

162 2284 247 2343 butu
264 2300 330 2343 non
344 2284 585 2363 pependissent.
609 2280 836 2365 spanhemius,
855 2283 911 2366 qui
969 2287 1047 2347 duci
1072 2284 1302 2347 didrachmum
1326 2284 1400 2346 illis
1424 2280 1608 2363 (Romanis)
1637 2303 1716 2364 pen-

162 2382 198 2443 iu
220 2380 286 2445 hoc
306 2401 438 2467 quoque
463 2401 563 2444 numo
585 2366 780 2466 explicando
803 2382 912 2445 eruli·
968 2387 1062 2451 dont.
1086 2386 1169 2449 Setis
1185 2398 1329 2469 apparet,
1343 2405 1415 2448 rem
1429 2383 1592 2447 Iudaicam
1606 2382 1715 2467 magni

161 2498 227 2547 tam
244 2504 335 2546 susm
350 2482 533 2546 facundiam
551 2484 776 2568 comprobavit
791 2498 833 2562 e),
854 2484 911 2548 do·
963 2486 1068 2551 fuisse
1095 2486 1156 2550 heo
1177 2500 1301 2563 aetate,
1336 2501 1370 2550 et
1395 2486 1449 2550 vel
1472 2485 1505 2546 in
1530 2487 1600 2570 ipsa
1631 2484 1714 2547 urhe

162 2600 261 2650 cente
287 2584 357 2669 ipss
377 2583 468 2647 numi
489 2586 668 2670 epigraphe
691 2584 818 2669 srguit,
844 2604 911 2647 non
968 2590 1142 2665 momenti,
1167 2602 1262 2673 atque
1278 2601 1365 2652 tants
1380 2588 1568 2665 atrocitate,
1591 2599 1625 2650 et
1641 2605 1715 2670 pro·

160 2690 269 2773 ipsura
283 2686 398 2751 Qum
412 2685 590 2765 ludoicum,
603 2706 661 2752 seu
676 2686 911 2764 didrachmum,
968 2692 1092 2755 misene
1116 2690 1246 2777 quidem
1271 2708 1333 2775 per
1353 2711 1482 2755 causum
1506 2686 1657 2753 Iudaismi
1681 2689 1714 2750 in

161 2789 253 2875 quod
276 2809 437 2854 censuere
460 2791 557 2867 surii,
584 2792 732 2854 aNerva
755 2790 912 2853 abolitum
966 2793 1126 2877 populum
1156 2795 1330 2870 saevitum,
1362 2806 1398 2854 ut
1429 2790 1553 2855 sublata
1582 2791 1714 2854 tandem

160 2891 248 2970 (lici,
271 2889 332 2955 sed
349 2904 471 2954 tuntum
491 2891 562 2976 ejus
581 2894 785 2956 calumniam
805 2890 912 2954 subls-
968 2913 1064 2956 causa
1085 2892 1218 2976 dignum
1240 2891 1327 2955 istud
1348 2891 1468 2955 iactum
1489 2905 1643 2956 censeret
1663 2914 1715 2956 se·

160 3009 247 3070 naa,
276 2991 342 3057 hoc
366 3007 432 3057 estt
461 2994 502 3057 ub
524 2993 642 3058 eodem
669 2992 773 3058 fiscali
798 2993 910 3057 debito
966 3007 1080 3068 natus,
1107 2994 1199 3076 cujus
1221 2993 1378 3056 memoria
1399 2993 1433 3057 in
1454 3013 1532 3057 aere
1554 3013 1713 3078 perenna·

158 3094 324 3162 solvendo
348 3095 509 3159 immunes
536 3095 570 3158 in
595 3109 797 3180 postremum
823 3116 911 3158 mnu
963 3108 1032 3161 ret.
1263 3173 1267 3185 ι

159 3199 264 3273 sisse,
293 3199 480 3283 quicunque
506 3219 544 3261 se
571 3198 656 3261 haud
683 3212 777 3262 erant
797 3198 911 3264 ludae-
1008 3200 1155 3262 Palmam
1178 3217 1251 3262 esse
1273 3197 1411 3261 lnisese
1432 3193 1631 3280 symbolum,
1658 3215 1712 3258 nes

160 3323 200 3364 os
227 3299 389 3386 professi,
424 3319 486 3362 nec
518 3298 595 3362 inde
626 3319 688 3384 pro
719 3299 845 3363 ludaeis
874 3299 911 3362 in
965 3313 1054 3366 notu.
1076 3299 1201 3364 Plinius
1216 3311 1263 3378 0:
1286 3301 1413 3364 ludusa
1427 3319 1503 3363 vero
1518 3301 1647 3381 inclyto
1663 3312 1711 3359 est

160 3401 292 3465 iisoalss
319 3399 447 3465 tabulas
474 3401 580 3464 relati.
610 3402 693 3464 Nsm
722 3421 818 3485 quam
841 3415 911 3464 tur*
967 3404 1023 3465 oel
1036 3405 1146 3486 magis
1158 3404 1290 3484 palmis.

160 3505 265 3586 pitcr,
289 3503 509 3589 nequiterque
526 3503 587 3592 suh
602 3503 789 3567 Domitisno
805 3504 911 3588 inqui·

161 3607 262 3668 situm
283 3605 326 3668 sit
345 3606 382 3668 in
404 3625 482 3681 eos,
513 3605 570 3688 qui
596 3605 640 3670 de
667 3603 830 3668 ludaismo
857 3627 910 3668 su·
1158 3610 1196 3666 V.
1217 3607 1250 3671 C.
1264 3605 1329 3667 850
1350 3607 1387 3668 Ρ.
1404 3603 1450 3668 Χ.
1467 3621 1520 3686 07.

161 3707 268 3792 spacti
284 3705 398 3781 fuere,
425 3705 544 3769 eodem
564 3703 639 3770 loco
661 3706 837 3769 Suetonius
855 3706 911 3770 stl-
972 3707 1037 3772 Til.
1066 3710 1106 3771 P.
1140 3705 1234 3770 COS.
1264 3705 1330 3770 ΙΙΙ.
1364 3705 1467 3767 DES.
1497 3702 1558 3768 IV.
1590 3706 1628 3767 tt
1663 3703 1710 3765 M.

161 3811 230 3874 lsto
255 3807 369 3871 infami
396 3806 484 3871 facto
510 3803 691 3872 confirmat.
735 3814 844 3893 Atque
868 3807 911 3873 stl
1289 3809 1326 3870 Ρ.
1351 3809 1389 3870 P.

161 3913 247 3974 hunc
285 3910 539 3994 explicationem
577 3911 832 3976 oeulis-mnndum
868 3911 909 3973 il·
963 3909 1075 3976 Nerou
1093 3908 1187 3992 Aug.
1207 3908 1272 3973 III.
1294 3910 1331 3972 Ρ.
1353 3909 1510 3992 Virginio
1535 3907 1623 3992 Rufo
1642 3928 1710 3970 cos.

161 4015 267 4076 lustro
285 4011 365 4074 usihi
381 4011 569 4096 exemplans
586 4026 718 4096 praesto
734 4025 794 4077 est.
823 4013 907 4075 Cou-

161 4113 320 4177 stuutinus
345 4117 412 4191 lh,
442 4125 479 4177 ut
506 4113 712 4180 idololatriae
741 4115 907 4181 licentium
1004 4116 1124 4200 Ingens
1162 4113 1288 4177 Romae
1330 4109 1465 4187 seditio,
1510 4131 1573 4196 qus
1617 4129 1711 4194 prae·

161 4229 357 4293 coerceret,
384 4228 469 4280 teste
489 4216 636 4281 Eusebio
653 4216 680 4301 ί)
700 4217 904 4301 ΒὶιιειΙΙοςοο
963 4216 1084 4279 torisni
1122 4229 1273 4280 suctores
1309 4211 1418 4279 caedis
1454 4212 1630 4276 Domitiani
1668 4211 1710 4273 nd

160 4317 327 4396 conlidit,
344 4337 481 4403 qustum
496 4337 560 4382 uns
575 4317 771 4404 iuitsoporj
784 4343 838 4402 pes
852 4316 910 4396 εἰς·
964 4330 1106 4380 mortem
1136 4316 1317 4402 postulant,
1361 4335 1483 4401 eosque
1514 4313 1593 4376 licet
1622 4313 1710 4376 relu-

162 4443 231 4508 epos
248 4443 292 4482 ru
306 4437 428 4502 purnes
446 4443 503 4498 της
518 4442 599 4481 nuru
612 4425 717 4495 πολεις
734 4444 785 4481 sue
808 4441 911 4507 χωρας
964 4429 1072 4480 ctsnte
1100 4419 1209 4485 Nersa
1237 4417 1438 4482 interimunt.
1478 4417 1570 4500 Ergo
1597 4413 1708 4478 Nerva

161 4547 197 4586 το
225 4528 356 4585 naham
386 4526 618 4604 συντελουμηης
648 4519 910 4604 εἰδωλολατςιιας,
964 4533 1168 4585 senectutem
1191 4541 1282 4586 suam
1303 4519 1413 4605 sperni
1434 4518 1577 4582 sentiens
1597 4514 1709 4598 Trsju·

200 4745 398 4820 amitus.
492 4745 533 4820 h)
549 4747 588 4804 de
602 4747 675 4806 Bell.
690 4747 756 4807 tud.
771 4747 880 4807 LVII.
897 4765 923 4806 c.
940 4751 966 4811 6.
982 4748 1045 4821 §.o
1147 4746 1415 4822 cJL.va1.§.7.
1520 4743 1644 4820 dycnp.
1663 4755 1705 4806 tt.

162 4843 195 4912 e)
210 4839 297 4897 Tum.
312 4836 350 4897 11.
366 4857 395 4913 p.
408 4851 468 4902 soe.
569 4839 642 4910 oin
658 4840 717 4897 nita
734 4839 834 4896 const.
849 4839 882 4896 t..
897 4839 935 4896 11.
950 4857 976 4896 c.
991 4849 1035 4904 ss.
1137 4845 1169 4918 g)
1183 4839 1214 4896 L.
1231 4839 1310 4896 xlll.
1325 4841 1348 4913 q.
1361 4843 1387 4904 ὁ.

585 5073 603 5116 h
