4267 5500
748 571 1116 648 unnntsnvs.
1626 593 1699 666 4⁸5

145 757 217 804 tum
235 737 411 826 opinentur
426 752 621 825 propterea,
640 739 793 826 queniam
810 753 894 806 teste
951 741 1081 820 habuit,
1113 741 1261 826 impense
1290 741 1433 821 fovisse,
1464 757 1563 830 atque
1592 745 1701 831 ipsum

144 841 480 928 Spsrtisnofiigcrn,
496 853 529 905 et
546 854 758 926 tempestates
771 847 823 908 ita
835 865 896 928 pu·
952 844 1058 910 relert
1079 844 1267 928 Spartianus
1293 844 1379 927 apud
1404 845 1635 912 Alexandriam
1662 848 1699 912 in

144 949 271 1010 tienter
278 945 384 1021 tulit,
398 957 437 1008 ut
454 965 621 1025 nunquam
638 957 737 1029 ceput
755 956 890 1029 tegeret.
951 967 1066 1014 museo
1089 945 1206 1010 multer
1226 947 1435 1030 questiones
1453 948 1699 1033 prosatoribus

144 1047 230 1112 Cum
246 1065 312 1133 qno
328 1047 490 1112 consentit
504 1060 539 1112 ct
555 1047 619 1112 Dio
636 1047 680 1130 ·)ι
698 1047 792 1110 nuuc
805 1047 895 1110 culc-
950 1049 1183 1133 proposuisse,
1213 1059 1249 1112 et
1276 1049 1460 1134 propositus
1490 1049 1698 1131 dissolvisse,

143 1169 199 1226 re,
217 1149 311 1212 nullo
321 1149 472 1233 frigore,
489 1161 528 1212 ut
544 1153 653 1232 cupite
668 1160 781 1233 operto
797 1160 894 1227 esset,
935 1171 1058 1246 ,neque
1082 1150 1145 1216 slis
1166 1170 1264 1216 csuss
1279 1151 1342 1214 luit
1360 1151 1441 1214 tanti
1459 1151 1530 1234 ejus
1545 1151 1581 1214 in
1597 1153 1701 1218 Atto-

142 1251 269 1314 adduci
279 1253 445 1332 potuisse,
463 1269 540 1314 num
556 1262 591 1320 et
606 1253 696 1314 inter
711 1253 804 1314 niues
823 1251 893 1316 Cel·
945 1273 1007 1328 ,uss
1025 1251 1149 1317 Atticos
1165 1251 1331 1328 adfectus,
1354 1250 1417 1314 nisi
1438 1251 1526 1336 quod
1550 1274 1622 1318 ssm
1644 1275 1701 1320 nr·

143 1355 249 1427 tirus,
273 1363 306 1414 ct
324 1353 453 1414 colores
469 1352 660 1434 Aegyptios
678 1355 765 1414 nudo
784 1356 893 1434 cupite
949 1352 1027 1416 bem
1064 1354 1292 1436 philosophice
1333 1352 1439 1418 studio
1479 1353 1521 1418 alt
1564 1355 1722 1438 antiquo.

143 1453 341 1516 ambulavit.
364 1449 525 1546 Qnseres
542 1451 671 1516 simale
686 1452 802 1534 rertit;
817 1473 892 1516 unm
950 1453 1235 1520 commendavere.
1280 1455 1341 1517 His
1377 1475 1453 1518 cum
1485 1463 1520 1518 et
1556 1454 1699 1538 proximi

140 1568 229 1619 teste
250 1553 369 1616 iterum
386 1553 559 1637 spartiano
576 1558 766 1638 peragratis
789 1558 894 1617 omni·
949 1555 1251 1640 ejus‘successores
1272 1556 1414 1640 Augusti
1441 1555 1538 1635 enixe
1563 1575 1698 1622 rsosve·

141 1659 205 1720 bus
220 1657 373 1740 portibus
393 1659 504 1740 cupite
523 1657 626 1734 nudo,
648 1667 682 1718 et
700 1658 737 1718 in
755 1661 894 1720 summis
950 1658 1016 1721 rint
1034 1661 1134 1750 lnam
1163 1678 1236 1722 eum
1262 1658 1402 1721 setnlem
1427 1656 1563 1741 proprie
1588 1656 1698 1740 sophi·

135 1759 332 1842 plerumque
353 1758 514 1820 imbribus
536 1769 635 1836 atque
646 1759 839 1843 frigoribus
854 1760 892 1820 in
936 1772 1071 1828 ,storum
1087 1759 1200 1823 dicere
1216 1761 1418 1842 possumus),
1435 1759 1569 1822 berham
1583 1771 1616 1820 et
1633 1757 1696 1842 ipsi

141 1861 291 1923 morbum
309 1859 433 1936 incidit
451 1859 639 1921 lectunlem.
948 1860 1095 1940 alebant,
1120 1861 1185 1923 uisi
1207 1860 1294 1923 forte
1315 1873 1350 1922 et
1371 1859 1433 1922 hos
1452 1859 1533 1926 velit
1555 1858 1697 1943 Spartic-

183 1963 223 2022 11.
253 1959 339 2026 Noti
368 1958 465 2022 etiarn
491 1957 592 2021 morie
619 1972 670 2024 est
694 1973 794 2044 capnt
819 1959 892 2022 batt-
948 1983 1009 2025 nus
1038 1963 1198 2026 noturaliu
1224 1963 1259 2023 in
1287 1961 1371 2025 facie
1402 1961 1539 2026 rolners
1571 1960 1693 2026 burbne

140 2062 268 2138 hatum,
295 2060 486 2124 testantibus
509 2059 596 2123 istud
619 2071 685 2123 non
707 2061 814 2124 solnm
834 2083 892 2124 nn·
948 2065 1024 2130 velo
1053 2064 1196 2128 voluisse
1223 2063 1394 2149 obtegere.
1433 2063 1482 2126 Ea
1510 2061 1617 2125 cultus
1644 2083 1696 2124 η.

140 2164 222 2242 mis,
251 2161 312 2228 sed
336 2163 459 2228 diserte
484 2161 582 2228 etiam
607 2163 716 2226 Dione
740 2159 800 2246 ¹³)t·
822 2164 890 2226 Hu-
947 2167 995 2229 tio
1021 2186 1062 2228 ex
1087 2165 1315 2251 philosophiae
1340 2165 1432 2228 culto
1455 2185 1541 2226 nnnc
1564 2165 1693 2228 inrecta

140 2269 284 2354 drionrm
298 2269 404 2344 enim,
426 2265 490 2342 ait,
508 2271 639 2349 primus
652 2269 890 2346 imperatorum
947 2265 1032 2350 spud
1056 2281 1208 2352 posteros
1234 2268 1399 2351 principes
1424 2266 1458 2326 in
1486 2265 1693 2330 consuetudi·

138 2367 275 2430 borbum
297 2371 464 2450 promisit.
495 2367 653 2435 Videmus
677 2363 817 2450 quidem·
830 2365 891 2428 eti·
946 2390 1023 2432 netu
1053 2370 1150 2447 abiit,
1190 2372 1238 2434 sic
1267 2383 1303 2431 nt
1331 2368 1365 2430 in
1395 2367 1532 2450 longum
1561 2380 1691 2451 tempus

138 2489 191 2532 sm
216 2481 284 2533 tsm
306 2469 463 2554 Augusti,
495 2487 590 2552 quem
616 2467 758 2532 Neronis
787 2488 888 2552 genus
946 2472 1044 2536 etiam
1059 2471 1277 2554 imperatores
1292 2471 1332 2547 ii,
1355 2465 1412 2554 qni
1433 2469 1580 2532 omnium
1599 2467 1695 2530 mini·

137 2571 171 2632 in
196 2569 459 2634 unmisbarbnlu
479 2569 608 2647 vestiri,
630 2569 741 2634 sedin
758 2569 827 2648 his,
852 2583 888 2634 ut
946 2593 1001 2636 mc
1015 2573 1336 2657 philosophicssent,
1348 2570 1482 2635 barbam
1494 2585 1691 2653 tamenpro·

138 2673 299 2753 diximus,
327 2693 422 2736 cansa
445 2669 505 2736 tois
527 2686 582 2734 unt
604 2671 726 2750 luctus,
752 2685 807 2734 ant
830 2689 888 2757 po·
946 2674 1126 2738 mitterent.
1410 2689 1414 2696 ·

138 2776 268 2841 ncndae
296 2775 475 2840 secondum
503 2788 650 2840 veterem
680 2772 888 2838 consuetudi·
960 2761 1040 2837 r111.
1072 2778 1109 2837 st
1135 2774 1320 2859 qnisnolet
1344 2786 1509 2837 monetam
1533 2772 1693 2836 Hadriani

136 2898 216 2942 nem
235 2876 356 2943 bsrhse
376 2892 465 2945 aetus
482 2877 627 2943 nondum
647 2890 781 2943 mutnrs.
805 2874 886 2958 Ejus
944 2877 1097 2945 attentius
1134 2876 1331 2951 obsecrare,
1373 2873 1471 2939 focile
1508 2874 1690 2957 intelliget,

133 2982 172 3043 iu
193 2980 361 3058 Hsdnsno
384 2980 484 3053 moris
509 3000 637 3049 cansam
661 2976 770 3042 statuit
789 2976 886 3060 Spsr·
943 2978 976 3039 in
1000 2978 1108 3041 numis
1134 2978 1319 3041 consulatus
1341 2978 1366 3039 1.
1382 2989 1416 3039 et
1433 2979 1474 3039 ll.
1495 2994 1690 3057 comparere

134 3086 261 3160 tinnus,
286 3100 323 3146 ut
342 3085 498 3160 vulnero,
521 3084 659 3162 quaein
671 3084 770 3165 sucis
788 3090 886 3142 eruut
941 3078 1050 3163 potius
1070 3078 1227 3141 Hadriani
1244 3090 1439 3161 protomen,
1464 3096 1559 3161 quem
1577 3090 1689 3160 caput,

134 3187 332 3261 naturalia,
354 3197 490 3269 tegeret.
521 3186 565 3247 At
585 3182 672 3247 enim
694 3182 788 3247 sliam
808 3179 883 3245 huic
942 3180 1065 3245 collum
1091 3180 1243 3263 intelligo
1269 3178 1460 3265 productius
1489 3176 1597 3241 additu
1624 3198 1691 3239 ma·

137 3290 211 3371 ejus
236 3286 384 3350 instituto
406 3306 534 3349 causam
559 3284 693 3349 subesse
718 3283 882 3367 suspicor,
940 3283 1013 3366 jore
1034 3294 1126 3367 parte
1142 3278 1308 3365 pectoris,
1331 3294 1365 3345 et
1381 3279 1638 3364 tergoris,.tnm
1656 3292 1692 3341 ct

134 3389 292 3453 nimirum
314 3387 403 3473 quod
429 3386 658 3473 philosophiae
682 3385 785 3449 studia
809 3402 883 3469 per·
941 3384 1059 3449 faciem
1088 3386 1121 3447 in
1149 3384 1201 3448 hia
1227 3380 1624 3459 nonnihiltmsoilsntsm
1654 3394 1691 3446 et

136 3492 277 3557 sinucius
302 3490 471 3576 prclcssns
494 3502 580 3566 erat,
610 3508 705 3573 qoam
730 3485 786 3572 qui
808 3506 884 3571 pro·
941 3502 1089 3552 mentum
1118 3486 1260 3563 sentius,
1295 3484 1338 3549 sd
1366 3486 1449 3549 hsec
1478 3474 1619 3548 sddi'tsm
1649 3486 1689 3546 si·

134 3594 219 3661 lessi
248 3606 341 3669 snut,
380 3591 515 3657 herbum
545 3592 637 3653 slsre
669 3607 883 3656 consuevere.
941 3590 1011 3653 mili
1035 3610 1170 3674 προτομῃ
1195 3584 1441 3669 inscriptionem
1467 3582 1613 3647 nondum
1638 3604 1690 3650 ca·

137 3700 247 3781 Atque
274 3694 309 3756 in
331 3693 391 3757 hac
415 3692 512 3757 etism
537 3704 647 3755 mente
668 3690 769 3755 faisse
790 3689 885 3753 Iulia·
939 3706 1031 3777 ptum
1056 3713 1117 3776 per
1140 3688 1349 3773 adoptionem
1367 3686 1548 3751 rustum
1566 3704 1688 3747 nomen

135 3819 218 3861 num
234 3798 433 3881 Augustum,
449 3794 532 3859 ¹sctis
552 3810 594 3855 ex
614 3793 654 3855 iis
671 3807 776 3878 patet,
800 3812 882 3879 quae
941 3796 1112 3869 omittere,
1135 3791 1222 3877 quod
1242 3789 1417 3873 deinceps,
1441 3788 1496 3865 ubi
1519 3801 1616 3870 capot
1636 3802 1688 3864 est

137 3906 174 3963 in
182 3898 376 3967 Csenrihns
389 3895 630 3961 snisllsdrlsno
639 3895 793 3980 oblectati
806 3906 885 3978 post
941 3910 1082 3974 termut,
1113 3910 1149 3959 ct
1173 3914 1239 3957 non
1265 3892 1405 3977 amplios
1431 3908 1489 3965 es,
1520 3911 1614 3974 qnsm
1639 3888 1687 3950 ‹tt-

134 4008 226 4069 tmne
238 4000 445 4087 (Traianum)
457 4002 670 4083 progreditur
684 4000 737 4062 uir
746 3997 884 4080 prolixa
939 3998 992 4076 xi,
1035 4009 1203 4081 protome,
1251 4009 1348 4079 atquc
1390 3991 1473 4053 illud
1515 3990 1684 4075 pinguius,

136 4104 248 4173 barbo,
261 4104 475 4169 reuerendus.
496 4134 510 4150 ·
528 4132 543 4153 ·
562 4130 578 4149 ·
599 4100 698 4163 Hunc
719 4118 794 4161 cum
812 4118 884 4161 soe*
939 4113 1129 4166 constanter
1148 4097 1250 4164 abest.
1286 4098 1331 4159 Et
1356 4094 1437 4159 huso
1465 4092 1597 4177 quidem
1619 4105 1683 4155 tarn

132 4211 213 4289 pius
226 4206 264 4269 in
278 4204 406 4270 ιοιΙιιηι
419 4202 534 4265 oculos
548 4202 768 4275 attollentem,
785 4220 884 4263 urse·
937 4202 1074 4287 eapitis,
1101 4220 1198 4285 quotu
1219 4196 1417 4282 epigraphes
1438 4194 1605 4294 peristnsis
1627 4194 1684 4256 ob·

135 4310 234 4373 licite
257 4304 390 4370 occultu
415 4306 636 4383 inquirentem
659 4306 883 4383 conspexisset
940 4318 1091 4369 serretur
1117 4302 1223 4366 nosse
1248 4298 1285 4361 in
1310 4297 1476 4361 nonnullis
1497 4295 1684 4359 consulatus

138 4412 290 4484 Saeuus,
307 4406 509 4487 quidnobis,
528 4406 596 4482 uit,
614 4406 817 4475 videturltic
830 4426 882 4471 rr·
938 4408 994 4471 lll.
1023 4404 1141 4471 numis.
1183 4404 1235 4467 Er
1265 4420 1331 4487 quo
1359 4398 1582 4473 manifestum,
1617 4396 1684 4480 pri·

132 4512 273 4595 pttsmt
293 4510 378 4574 Suos
394 4518 536 4603 constat,
555 4504 756 4571 Hadrianum
774 4506 882 4591 sophi·
939 4510 1000 4573 mis
1024 4506 1209 4575 consolatos
1235 4508 1290 4570 111.
1318 4502 1410 4567 enni.
1437 4513 1600 4564 retentum
1628 4498 1684 4562 ad.

134 4629 217 4691 stas,
235 4610 300 4690 uisi
315 4630 396 4697 qnos
411 4622 548 4695 propter
562 4608 715 4675 invidiam
730 4609 880 4675 soerbins
937 4610 1002 4675 huc
1022 4623 1170 4675 vetarem
1193 4620 1227 4669 et
1247 4604 1380 4689 capitis,
1405 4616 1440 4667 et
1460 4600 1681 4685 inscriptionis

168 4830 200 4896 a>
223 4822 254 4877 n.
276 4816 374 4877 txtx.
392 4820 455 4893 no.
530 4818 565 4879 tn
585 4818 617 4875 s.
634 4816 762 4875 txvnt.
779 4820 802 4891 t.
819 4830 859 4880 ts.
940 4862 949 4883 .

1949 1151 1960 1185 t
