4267 5500
511 581 699 664 catus?
726 589 800 660 nr
834 585 1049 709 necans
1085 586 1280 668 canes.
1600 597 1672 694 soa

126 755 225 822 .tv.
243 755 337 820 annio
368 774 442 820 cum
469 755 648 840 ignominia
675 758 711 820 in
733 755 870 821 insulam
923 756 1063 843 putandi
1086 757 1271 842 sumpsisse.
1312 757 1418 824 'feste
1439 761 1511 844 ipso
1533 755 1672 830 Pellaei»

125 857 232 941 ejecta
252 856 335 934 init,
357 877 466 942 aeque
483 861 630 943 Augusta
655 879 796 944 unquam
815 879 870 924 vo·
926 859 984 922 nio
1010 873 1077 924 tam
1115 860 1295 946 epigraphe
1324 857 1672 944 ΚΑΡΠΟΦΟΡΟΣ,

124 971 192 1020 enta
216 971 280 1022 est.
324 958 439 1021 Annus
457 979 540 1042 ergo
564 959 617 1023 hic
638 959 677 1022 ad
703 961 869 1044 propriam
928 980 1023 1043 quam
1040 974 1135 1046 typus
1153 961 1315 1046 spicarum
1333 960 1553 1030 rdsscerorsm
1569 964 1670 1049 pleno

123 1059 215 1122 urbis
230 1058 410 1144 cujuspiam
426 1062 584 1145 epocham
602 1073 695 1124 certo
708 1063 869 1145 pertinet,
926 1059 999 1145 jure
1023 1063 1208 1145 pertinent;
1241 1075 1414 1146 utsupra,
1437 1061 1471 1125 in
1493 1065 1599 1132 numia
1618 1065 1674 1132 Li·

124 1175 157 1226 et
184 1174 284 1245 eaput
304 1161 430 1224 auticse
455 1175 548 1225 certo
571 1175 622 1224 est
638 1165 739 1227 iuliae
759 1163 870 1227 matris
930 1161 1000 1227 viae
1026 1162 1154 1226 abunde
1182 1164 1484 1280 oamprobavimus,
1507 1186 1578 1228 eam
1603 1189 1674 1250 pas·

123 1249 262 1326 ‘liberii
302 1263 377 1326 Hoc
392 1283 466 1326 oum
483 1262 696 1327 indubitatum
712 1266 768 1342 sit,
783 1285 879 1383 opo:
928 1261 989 1326 sim
1018 1283 1082 1345 per
1102 1263 1285 1346 provincias
1309 1265 1441 1328 Cereris
1465 1266 1531 1330 ritu
1553 1269 1673 1332 cultam

125 1364 217 1430 elta
205 1385 243 1426 ιιι
258 1383 360 1426 numo
382 1377 492 1427 notata
513 1387 579 1428 uon
595 1367 701 1450 potnit
724 1366 879 1449 incipere
928 1360 1048 1440 fuisse,
1080 1385 1167 1429 noro
1194 1381 1404 1450 argumento,
1427 1389 1561 1474 numum
1585 1369 1672 1436 huno

125 1479 199 1530 ante
218 1479 408 1530 autumnum
425 1468 501 1530 anni
525 1469 619 1536 V.C.
646 1469 731 1549 7343
752 1468 871 1531 namsi
903 1465 1293 1531 Liviaevindicanduua.

125 1567 356 1631 humaddatur
373 1589 580 1631 annnsnunar
570 1571 655 1646 34,
678 1570 705 1629 is
726 1568 752 1630 si
756 1582 870 1652 gnatus
990 1567 1125 1630 Nullum
1149 1589 1231 1651 ergo
1253 1567 1350 1631 alium
1371 1565 1466 1651 hujus
1486 1569 1585 1636 Iuliae
1604 1591 1675 1638 cet·-

126 1669 270 1732 emetsb
290 1682 444 1732 autumno
459 1671 502 1738 V.
519 1672 556 1732 C.
572 1671 656 1752 767,
683 1681 716 1731 at
732 1670 796 1733 hoc
815 1669 871 1732 de·
925 1683 995 1731 tum
1010 1689 1143 1732 numum
1165 1669 1320 1733 habemus
1340 1683 1560 1753 praetereos,
1591 1695 1673 1758 quos

126 1791 211 1832 num
224 1791 310 1834 auno
323 1772 413 1834 circa
426 1786 613 1834 autumnum
625 1771 717 1834 Livia
731 1793 792 1854 per
805 1771 871 1834 Au·
926 1793 1025 1856 supra
1064 1771 1220 1849 indicavi,
1256 1771 1412 1835 Graecos.
1471 1771 1672 1839 Pellerinius

126 1871 456 1956 gutitcstsmcntum
471 1872 581 1955 coepit
597 1871 706 1935 vocari
721 1873 818 1950 tatia,
835 1886 870 1935 et
926 1892 1008 1958 vero
1038 1871 1173 1934 nimium
1195 1873 1272 1937 fisus
1294 1887 1345 1936 est
1366 1872 1586 1951 lineamentis,
1625 1877 1675 1958 ju·
1782 1909 1786 1920 ,

127 1973 281 2057 Augusta.
310 1974 511 2038 Pellerinins
527 1994 569 2036 ex
584 1972 707 2036 fabrica
722 1972 869 2058 conjicit,
927 1973 1158 2052 venilioribus,
1189 1995 1284 2058 quam
1313 1986 1350 2037 ut
1380 1993 1493 2038 senem
1522 1977 1586 2058 jam
1617 1978 1675 2041 Li·

125 2095 256 2136 numum
282 2073 317 2134 in
335 2075 442 2160 aliqua
456 2074 642 2138 Phoenices
664 2075 745 2139 nrbe
766 2076 870 2158 signa·
926 2075 1011 2140 riam
1033 2075 1155 2142 decere
1176 2087 1321 2160 possent.
1351 2075 1613 2142 At‘lineamenta
1637 2080 1671 2144 iu

125 2189 203 2238 tun.
225 2175 363 2239 Consut
380 2177 562 2259 Augustum
583 2196 667 2239 anno
686 2175 750 2258 734
764 2177 798 2236 iu
812 2175 870 2256 Sy·
927 2178 1034 2242 numie
1062 2177 1186 2246 exterit
1215 2191 1306 2244 certe
1326 2176 1459 2244 etitetie
1487 2197 1553 2244 neu
1585 2177 1673 2246 adse-

124 2277 172 2339 ris
192 2289 373 2354 moratum,
395 2292 430 2341 et
454 2279 565 2360 plures
590 2278 661 2359 ejus
677 2289 800 2340 tractas
816 2297 871 2340 ur·
925 2291 1021 2343 mat..
1401 2297 1404 2307 ·

126 2377 184 2442 tes
198 2377 240 2442 ab
252 2397 297 2440 eo
310 2398 399 2443 enno
414 2379 539 2442 initium
549 2391 699 2462 tempora
709 2400 766 2442 sua
782 2396 871 2441 com·

457 2739 632 2805 ems
668 2740 744 2803 ET
777 2738 992 2809 LVCIVS
1032 2733 1352 2809 CAESARE&

188 2922 285 3004 cajus
311 2934 406 2986 ustus
428 2935 521 3005 patre
550 2924 597 2985 M.
614 2920 778 3006 Agrippa,
809 2940 874 2983 ιιιιι·
929 2942 970 2986 ce
986 2942 1062 2985 cum
1081 2920 1227 2985 barbaris
1245 2930 1406 2983 transacta
1423 2916 1567 2987 feliciter
1586 2940 1674 2985 com·

127 3035 177 3084 tre
197 3024 280 3086 lulis
304 3022 445 3109 Augusti
467 3009 645 3087 filia'auno
667 3024 710 3090 V.
727 3024 764 3088 C.
791 3020 871 3102 734,
928 3023 1031 3109 ponit.
1061 3022 1316 3107 Propempticon
1332 3040 1411 3087 vere
1428 3040 1579 3099 aureum,
1610 3042 1675 3106 quo

126 3138 161 3185 et
180 3144 269 3188 anuo
294 3124 357 3206 737
381 3123 488 3187 statim
510 3140 585 3209 post
609 3123 733 3187 natales
762 3122 871 3186 fratris
929 3125 970 3187 ad
985 3126 1050 3191 hoc
1066 3123 1192 3190 bellum
1210 3134 1384 3187 exeuntem
1410 3137 1605 3206 prosecutus
1625 3136 1676 3187 est

124 3224 224 3289 Lucii
244 3226 287 3289 ab
314 3227 464 3309 Augusto
501 3226 671 3311 adoptatus
694 3226 729 3288 C.
752 3226 871 3289 Caesar
929 3224 1085 3317 Ovidius,
1105 3222 1407 3305 videinejueArte
1429 3222 1472 3305 bl.
1493 3226 1534 3291 V.
1554 3224 1589 3289 C.
1611 3222 1675 3303 756

124 3326 191 3389 clici
216 3327 346 3411 coepit,
375 3348 514 3411 cumque
537 3342 675 3411 uterque
701 3324 804 3389 irater
829 3344 872 3389 ex
931 3326 1009 3389 dnm
1031 3329 1225 3411 Artageram
1250 3324 1426 3389 Armeniae
1451 3326 1567 3389 urbem
1592 3324 1676 3389 obsi·

122 3430 226 3511 putris
247 3442 359 3491 mente
380 3428 469 3492 haud
492 3426 609 3492 dubius
627 3440 715 3492 esset
740 3425 871 3511 imperii
930 3427 1004 3505 det,
1036 3440 1071 3491 et
1102 3427 1260 3491 incautior
1290 3428 1324 3487 in
1361 3426 1560 3511 colloquium
1600 3448 1675 3491 cum

123 3550 316 3609 successor,
337 3530 629 3614 coeperuntetiam
647 3528 801 3591 maturari
815 3528 873 3591 lto-
928 3528 1025 3593 hoste
1049 3528 1217 3613 procedit,
1244 3548 1306 3613 per
1323 3524 1454 3589 insidias
1482 3548 1582 3609 grave
1607 3530 1678 3593 vul·

122 3652 236 3696 nores.
285 3634 427 3695 Praeter
456 3633 600 3694 minores
632 3628 726 3707 illos,
759 3627 872 3713 quiin
928 3650 990 3693 nus
1005 3629 1132 3713 accipit.
1175 3630 1260 3695 Exin
1283 3626 1390 3693 animo
1415 3648 1534 3711 aeger,
1572 3641 1606 3691 et
1628 3629 1676 3711 ju·

123 3753 303 3797 numerum
339 3732 557 3816 explicatione
588 3721 873 3827 memorabuntur,
927 3731 1029 3818 ltente
1056 3728 1205 3816 Augusto
1229 3732 1367 3792 Romam
1389 3747 1544 3791 reversus
1568 3730 1677 3811 Limy-

123 3834 225 3917 Cojus
258 3834 300 3900 V.
324 3834 361 3898 C.
380 3832 486 3915 748
475 3854 509 3895 ιιι
542 3821 728 3917 proximum
755 3852 872 3893 sunum
929 3852 987 3895 rae
1013 3832 1133 3913 Lyciae
1164 3830 1382 3914 exstinguitur
1403 3830 1446 3895 V.
1466 3828 1503 3894 C.
1529 3833 1593 3912 757
1623 3830 1676 3894 ‹lie

123 3936 167 4001 V.
187 3936 380 4020 deriguntur
402 3935 535 4012 consul,
566 3946 630 4019 74«)
656 3934 761 3997 (lictus
785 3932 874 4019 prin·
929 3932 1015 3996 XXI.
1037 3930 1229 4009 Februarii,
1261 3945 1297 3994 ut
1314 3928 1483 4015 praeclare
1506 3950 1547 3993 ex
1572 3933 1677 3995 Ceno·

124 4058 207 4121 ceps
238 4036 427 4120 juventutis
478 4033 522 4103 V.
547 4035 583 4099 C.
614 4033 713 4115 753
701 4057 737 4099 ιιι
762 4034 874 4097 Asiam
935 4030 1047 4116 taphio
1067 4032 1188 4096 Pisano
1218 4032 1305 4097 eruit
1330 4031 1481 4095 Neritius
1504 4034 1545 4115 0).
1584 4032 1677 4095 Liria

122 4136 349 4221 proficiscitur
390 4158 466 4202 cum
522 4136 749 4253 proconsulari
779 4134 881 4220 impe·
936 4134 1052 4199 mortis
1075 4148 1298 4219 praematurae
1325 4131 1509 4219 suspicione
1538 4151 1605 4196 non
1629 4151 1681 4195 ca·
1773 4200 1780 4219 ‚

120 4242 175 4305 rio
190 4242 247 4323 0),
268 4244 333 4325 754
353 4236 450 4322 hujus
464 4260 541 4303 ιιιιιι
530 4236 675 4303 consul
694 4236 857 4303 bellum
846 4259 882 4299 an
936 4236 1002 4298 ruit
1026 4234 1163 4301 testibus
1187 4234 1303 4305 Tacito
1326 4230 1375 4320 0),
1407 4247 1442 4297 et
1465 4233 1572 4297 Dione
1594 4233 1678 4317 apud

124 4341 295 4417 Parthos.
314 4340 375 4435 qui
396 4360 472 4406 sese
499 4339 676 4404 Armeniae
698 4339 798 4404 rebus
822 4338 880 4401 mi·
937 4338 1109 4407 Zonaram.
1163 4340 1169 4349 '

123 4462 265 4521 sonere,
297 4456 406 4531 parat,
432 4442 534 4531 idque
554 4464 638 4506 anno
652 4454 814 4531 sequente
828 4462 883 4527 pa·
1000 4438 1148 4509 onrem
1172 4436 1285 4503 tatuit
1301 4436 1435 4501 Liviam
1450 4432 1550 4497 Drusi
1567 4446 1600 4495 et
1618 4434 1681 4495 An·

159 4700 523 4849 ilffilpnmexitiaue.
601 4702 642 4779 b)
657 4700 726 4763 nt
741 4711 839 4764 mtt.
855 4717 919 4777 teo.
998 4698 1030 4773 a)
1047 4694 1174 4771 Bisall.
1191 4706 1271 4759 ιιι,
1355 4692 1391 4765 d)
1412 4690 1680 4753 tnn.t.t.n1v.

122 4810 157 4849 01

195 4900 296 4983 (701.
307 4897 387 4980 νι.)
994 4970 1001 4981 ,
1408 4888 1436 4947 Y
