4267 5500
740 534 1055 607 TltAtANVs.

123 729 193 775 tum
212 734 231 773 a
252 711 392 791 Trajano
413 719 535 768 tantum
557 715 788 779 restauratum,
815 723 869 764 au·

123 830 296 897 eramque,
318 824 353 873 et
372 808 546 891 negligere
568 806 708 866 alterum
730 805 870 865 Centum

122 916 284 985 cellarum
311 910 353 972 ab
384 929 425 972 eo
450 906 618 969 immensis
646 903 825 988 sumptibus
850 924 870 965 a

122 1001 337 1079 fundamento
358 1010 543 1101 epoitstum.
573 1006 679 1071 Multo
697 1005 802 1067 minus
824 1003 872 1063 in-

123 1116 233 1199 telligi
249 1116 372 1197 poterit
388 1122 503 1194 portus
516 1108 755 1196 Anconitanua,
775 1124 873 1189 quens

123 1216 359 1301 amplificatum
378 1210 510 1296 quidem
533 1233 553 1274 a
572 1210 730 1292 Trojano,
763 1220 800 1270 et
824 1219 875 1269 tu·

123 1320 246 1382 tiorem
267 1315 432 1377 redditum
456 1324 598 1388 constat,
626 1323 659 1373 at
680 1330 753 1371 non·
766 1306 806 1371 ab
828 1326 871 1368 oo

124 1418 380 1505 appellationem
402 1414 548 1477 traxisse.

271 1522 317 1583 Vt
334 1520 387 1579 lit.
402 1517 448 1580 A.

123 1622 252 1695 REST.
284 1618 398 1681 lTAL.
430 1616 466 1679 S.
488 1614 528 1678 P.
552 1612 593 1707 Q·
613 1614 655 1684 R·
685 1609 882 1675 ormo,

123 1722 265 1784 Pnth.
289 1721 475 1802 Imperator
495 1726 632 1797 togatus
649 1726 744 1777 stans
759 1714 876 1775 mulie·

124 1846 195 1886 rem
222 1842 312 1904 gerru
331 1820 526 1905 flectentom
556 1816 725 1889 sublevat,
762 1832 875 1875 versus

123 1944 224 2004 quem
238 1925 304 1984 duo
319 1919 428 2005 puelli
448 1919 619 1979 orl-stantes
638 1935 756 1975 marrus
773 1912 878 1999 attul-¹

123 2029 211 2087 lunt·
232 2022 304 2107 AV·
326 2032 361 2083 et
376 2017 505 2083 mutatis
522 2012 688 2080 nonnullis
702 2014 774 2078 AB.
787 2016 813 2080 1.
831 2012 874 2077 11.

124 2127 225 2205 (Mus.
245 2124 363 2202 Caes.)
561 2106 566 2115 ’

190 2225 334 2287 Dubium
354 2238 419 2281 non
438 2230 505 2295 est,
530 2217 595 2279 hoo
613 2227 690 2299 typo
709 2216 800 2276 innui
817 2214 888 2276 ali·‘

124 2340 254 2401 menta,
286 2324 328 2385 de
352 2320 470 2404 quibua
491 2338 589 2399 supra
610 2329 735 2395 actum,
767 2314 874 2377 soboli

126 2428 237 2491 ltaliae
259 2423 444 2505 adsignata,
472 2436 612 2511 eamque
641 2417 700 2480 hac
731 2416 874 2482 liberali·

124 2545 191 2595 tate
212 2526 404 2591 restitutam.

270 2632 316 2693 Vt
334 2629 388 2700 lic.
403 2626 439 2687 C.

126 2736 160 2799 8.
176 2734 214 2798 P.
231 2730 274 2823 Q.
292 2730 333 2791 R.
352 2724 538 2790 ΟΡΤΙΜΟ.
559 2722 760 2788 PRINClPl.
782 2720 816 2785 S.
833 2722 869 2784 C.

131 2838 232 2919 Typis
250 2833 365 2895 ourr'r‘s.
388 2828 457 2892 ΑΕ.
471 2831 497 2892 1.
517 2830 558 2890 Il.

188 2932 287 2998 Numi
314 2951 388 2994 cum
415 2930 476 2993 liae
501 2925 679 3014 epigraphe
701 2944 764 3007 per
784 2923 870 2985 liuuc

127 3037 331 3101 consulatum
361 3033 505 3094 omnium
532 3028 670 3091 maxime
700 3024 805 3101 obvii,
838 3037 872 3086 et

126 3138 260 3224 quidem
282 3135 426 3196 inomni
448 3131 600 3206 metallo,
630 3141 664 3192 et
685 3127 808 3202 forma,
838 3139 872 3212 et

124 3245 293 3326 potiorem
310 3255 484 3297 rumorum
502 3230 633 3315 Trajani
653 3242 779 3313 partem
798 3248 874 3291 con·

126 3344 273 3406 stituuut.
303 3341 471 3421 Typornm
498 3333 595 3397 etism
613 3329 802 3415 prodigiosa
822 3351 900 3426 ras

125 3447 244 3519 rietus,
265 3442 460 3524 plerumque
475 3435 516 3500 ad
533 3435 650 3500 victam
667 3431 802 3493 Daciam
819 3427 871 3491 ad·

127 3542 319 3606 ludentium.
343 3543 396 3602 Ex
412 3539 500 3605 omui
514 3555 618 3621 grege
637 3531 731 3596 binos
747 3529 873 3616 dignio-

127 3667 180 3708 res
200 3644 347 3727 seligam.

272 3747 318 3807 Vr
337 3745 391 3808 lit.
404 3743 445 3806 Β.

126 3851 159 3912 8.
178 3850 217 3912 Ρ.
239 3843 283 3939 Q
300 3845 341 3909 B.
366 3840 550 3908 OPTIMO.
569 3835 767 3898 PRINClPl.
788 3835 823 3900 S.
835 3833 871 3896 C.
893 3875 898 3882 ·

128 3953 246 4013 Circus
264 3968 338 4010 cum
357 3949 449 4007 omni
468 3965 529 4006 suo
548 3953 682 4001 omum.
703 3939 774 4000 An.
790 3937 870 4000 ΜΜ.

125 4053 215 4115 mod.
234 4063 269 4111 et
282 4049 353 4112 ΑΕ.
367 4049 393 4110 Ι.
414 4048 513 4124 (Mus.
529 4039 640 4121 Caes.)

186 4153 307 4214 Factus
329 4172 348 4213 a
365 4147 507 4228 Traiano
522 4141 706 4206 incircum
727 4154 872 4226 sumptus

126 4265 362 4316 commemorat
374 4249 441 4312 Dio
456 4249 500 4329 ⁸):
519 4245 743 4328 Hippodromo
757 4246 875 4306 inscri-

122 4358 212 4431 psit.-
238 4353 419 4436 perfecisse
441 4371 493 4424 so,
519 4360 558 4409 ut
577 4347 700 4430 populo
722 4345 873 4407 Romano

55 4614 61 4626 ’
161 4667 193 4736 2)
212 4661 245 4720 1..
254 4661 383 4722 sxvm
398 4667 424 4733 ς.
434 4674 461 4723 ⁷.
564 4659 600 4732 s>
618 4657 695 4720 av.
713 4677 738 4716 c.
752 4672 793 4719 η.

126 4756 156 4819 ε)
178 4753 216 4810 de
232 4750 306 4812 Stilo
321 4753 411 4813 lusor.
429 4753 514 4827 μω.
565 4807 571 4821 ,

1600 566 1687 633 tlt-

927 704 1116 789 sufficeret,-
1141 728 1217 767 noir
1232 722 1411 789 postquam
1430 716 1586 781 domnum
1599 740 1676 801 pos·

928 826 984 867 sus
1001 818 1105 879 essct,
1130 807 1298 887 majorem,
1314 826 1347 872 et
1359 815 1582 893 pulchriorem
1600 822 1676 903 effe-

929 908 986 966 cit.
1028 906 1136 970 Etiam
1166 908 1337 974 Pausanias
1377 914 1464 979 inter
1503 920 1673 1003 magnilica
1758 990 1762 1001 ,

930 1005 1063 1087 Trajaui
1098 1028 1197 1092 opera
1234 1028 1387 1077 recenset
1420 1017 1675 1101 hippodromum

932 1102 1071 1168 duorum
1114 1106 1291 1173 stadiorum
1337 1113 1576 1198 longitudinem
1623 1143 1677 1185 ae·

932 1226 1033 1289 quans
1054 1206 1100 1289 ι1).
1128 1210 1245 1275 Fuisse
1271 1233 1346 1277 eum
1369 1215 1566 1283 delectatum
1594 1224 1676 1286 varii

931 1310 1063 1390 generis
1082 1314 1285 1392 spectaculis,
1301 1315 1419 1381 iterato
1435 1322 1540 1385 refert
1554 1324 1618 1385 Dio
1635 1328 1675 1405 c),

932 1420 966 1468 et
991 1408 1117 1472 Plinius
1148 1414 1333 1489 venationis
1362 1419 1542 1485 studiosum
1580 1438 1678 1489 testa·

931 1521 988 1584 tur
1008 1508 1052 1592 d).
1093 1510 1208 1597 Neque
1237 1517 1298 1579 alia
1319 1518 1360 1580 d‘e
1386 1540 1481 1583 causa
1502 1536 1606 1587 aetate
1628 1547 1677 1588 se·

933 1610 1049 1693 quiore
1071 1625 1120 1675 tot
1141 1614 1401 1683 crediderim-ei
1429 1614 1601 1691 dedicatos
1621 1650 1679 1691 nu·
1733 1649 1736 1663 ·

932 1733 1018 1788 mos,
1037 1735 1118 1797 quos
1133 1721 1366 1783 contorniotos
1384 1723 1537 1803 dicimus,
1560 1728 1594 1788 in
1611 1728 1680 1811 qui·

932 1813 994 1875 bus
1023 1815 1150 1879 missus
1170 1816 1364 1897 Circenses,
1394 1826 1584 1889 venationes
1614 1842 1678 1892 etc.

932 1914 1148 1993 exhihentur,
1174 1938 1269 2001 quam
1290 1919 1377 2004 quod
1397 1926 1580 2005 posteritati
1601 1948 1678 1991 cou-

932 2016 1035 2080 stabat
1083 2018 1134 2080 hia
1156 2039 1232 2081 eum
1254 2021 1367 2084 studiis
1388 2012 1486 2087 animi
1506 2028 1675 2091 relaxandi

932 2063 1153 2181 causalfuisse
1181 2119 1386 2184 delectatum.
1418 2128 1470 2189 De
1492 2130 1622 2213 Trajani
1643 2132 1676 2191 iu

932 2218 1064 2280 Circum
1095 2222 1270 2283 maximum
1303 2226 1428 2289 meritis
1460 2229 1537 2295 vide
1566 2233 1687 2315 paucis·

933 2317 1149 2383 disserentem
1170 2324 1212 2390 cl.
1228 2326 1425 2390 Morcellum
1442 2332 1483 2411 e).

1296 2426 1315 2462 ,
1390 2419 1399 2439 .

1192 2474 1215 2509 fi·

1077 2528 1122 2586 Vt
1143 2528 1196 2587 lit.
1211 2526 1252 2592 B.

932 2626 964 2686 8.
980 2626 1017 2686 Ρ.
1036 2626 1077 2717 Q.
1097 2627 1136 2691 R.
1158 2624 1343 2694 OPTIMO.
1365 2630 1565 2695 PRINClPl.
1587 2637 1620 2697 S.
1638 2637 1675 2701 C.

932 2730 1050 2788 Arcus
1074 2730 1191 2808 pontis
1218 2734 1307 2792 turri
1333 2734 1487 2811 utrinque
1512 2740 1677 2812 counitus,

930 2829 1022 2908 infru
1037 2831 1073 2889 r'n
1089 2827 1187 2888 undis
1203 2831 1370 2892 navicula.
1394 2831 1464 2896 ΔΕ.
1479 2836 1502 2894 1.
1518 2836 1557 2900 ll.
1577 2839 1683 2916 (Mus.

930 2927 1041 3007 Caes.)

992 3028 1165 3113 Plerisque
1197 3029 1321 3105 visum,
1360 3043 1493 3114 portum
1525 3019 1676 3117 Trajadi,

930 3127 972 3190 de
995 3149 1061 3210 qno
1084 3151 1198 3213 supra,
1234 3150 1301 3192 non
1322 3146 1456 3216 pontem
1478 3132 1597 3199 horum
1619 3158 1676 3199 nn·

930 3251 1062 3292 morum
1082 3245 1160 3313 typo
1181 3233 1332 3315 proponi.
1362 3233 1405 3296 At
1426 3235 1601 3325 imaginem
1623 3238 1678 3302 ad·

931 3331 1075 3394 curatius
1092 3331 1314 3398 consideranti
1327 3335 1424 3399 facile
1440 3338 1581 3421 patebit,
1604 3359 1676 3403 esse

929 3453 1011 3516 opus
1038 3449 1223 3512 arcuatum,
1261 3449 1296 3499 et
1323 3451 1490 3515 erectum,
1523 3460 1590 3502 non
1620 3441 1678 3504 ho·

928 3533 1082 3596 rizoutuli
1112 3535 1184 3598 sinu
1209 3535 1242 3597 iu
1269 3549 1383 3618 portus
1411 3529 1537 3602 morem
1564 3559 1678 3606 curva·

929 3650 1018 3709 tum,
1046 3637 1164 3696 turrim
1185 3655 1318 3719 quoque
1348 3657 1421 3700 esse
1449 3640 1613 3721 perviam,
1644 3655 1678 3704 et

929 3737 1031 3798 inatsu
1045 3747 1176 3819 portae,
1202 3756 1265 3819 per
1285 3757 1381 3820 quam
1403 3758 1486 3822 pons
1503 3742 1605 3822 possit
1624 3740 1678 3804 ad·

929 3837 981 3898 iri.
1026 3836 1118 3898 Certi
1147 3849 1278 3920 portus,
1313 3859 1393 3924 quos
1423 3839 1457 3901 iu
1485 3842 1592 3904 numia
1621 3844 1676 3905 hs-

928 3937 1063 4013 bentus,
1085 3937 1242 4000 nimirum
1261 3933 1422 4004 Ostiensis
1443 3941 1503 4004 sub
1525 3945 1683 4020 Nerone,

930 4053 964 4102 et
992 4037 1076 4101 alter
1103 4038 1164 4101 sub
1191 4040 1349 4122 Trojano,
1381 4042 1480 4126 longe
1511 4045 1571 4107 alia
1601 4058 1675 4134 sunt

929 4141 1046 4206 forma.
1093 4139 1238 4204 Exhibet
1260 4163 1341 4226 ergo
1363 4164 1457 4206 arcus
1480 4144 1552 4222 hic,
1583 4146 1676 4212 velut

929 4263 1004 4326 pars
1033 4241 1150 4318 totius,
1180 4241 1406 4328 lamigerstum
1428 4243 1567 4307 Danubii
1596 4268 1677 4332 pon-

930 4357 1013 4420 tem,
1040 4341 1083 4407 de
1105 4363 1170 4428 quo
1193 4345 1248 4428 egi
1268 4365 1363 4430 supra
1385 4345 1425 4408 ad
1445 4367 1578 4410 numum
1599 4349 1676 4412 DA·

1332 2472 1563 2509 ,fist'

901 4663 932 4732 c)
951 4655 1121 4718 1..va111.
1138 4663 1308 4730 §.toet15.
1414 4659 1448 4732 d)
1469 4659 1576 4756 Pencp.
1593 4675 1672 4728 eas.

1290 4838 1451 4900 Hhhu
