4267 5500
455 617 527 686 sto
1090 589 1365 687 MATtDtA.

457 772 654 854 Augustum,
684 761 744 825 ted
767 762 873 824 solum
899 758 1064 844 Augustae
1090 759 1200 828 liliam.
1258 782 1324 848 gare
1343 753 1764 836 unensibintistueisb).
1798 754 2003 820 EtiumRei·

459 875 503 932 At
529 869 562 930 in
595 863 766 930 consulatu
794 864 851 929 Vl.
878 862 1044 946 Augustae
1074 863 1201 928 honore
1258 864 1370 928 nesius
1402 859 1545 926 subsidia
1566 880 1609 924 ex
1637 857 1831 947 genealogia
1865 861 2021 942 quaerit,-

365 964 367 968 ’
459 963 743 1041 insusurratum,
775 962 860 1027 alter
879 965 1063 1028 Marcianae
1088 986 1204 1027 numus
1263 963 1323 1027 sed
1346 963 1507 1028 ineassum
1528 965 1571 1043 ο).
1606 963 1651 1023 At
1669 981 1751 1024 vero
1768 959 1867 1024 fenile
1892 961 2002 1043 aenig-

461 1071 570 1136 doeet.
614 1073 654 1132 ln
689 1067 836 1132 divarum
866 1085 1038 1130 numerum
1070 1064 1205 1130 relatum
1265 1087 1317 1127 ma
1340 1063 1426 1128 istud
1447 1063 1602 1139 soluitur,
1637 1062 1666 1124 si
1685 1059 1851 1144 duplicem
1865 1063 2006 1128 nenessi-

460 1171 546 1238 infra
562 1169 761 1238 videbimus.
1265 1165 1387 1230 tudinis
1416 1163 1638 1229 conditionem
1666 1176 1869 1247 spectemus,
1903 1165 2007 1239 olium,

526 1273 659 1337 Proles:
1268 1289 1365 1353 guam
1387 1267 1491 1334 ellioit
1516 1279 1646 1344 natura,
1683 1263 1797 1342 aliam,
1828 1285 1928 1350 quam
1958 1266 2009 1329 atl-

526 1375 555 1440 1.
579 1372 738 1436 SABINA
754 1367 912 1434 Hadriani
924 1368 1010 1454 Aug.
1022 1386 1117 1435 uxor.
1268 1369 1368 1454 optio.
1408 1366 1597 1432 Secundum
1619 1367 1766 1450 priorem
1788 1367 1934 1431 modum
1947 1386 2010 1432 non

528 1477 569 1538 11.
591 1474 783 1546 ttlrtme
805 1471 926 1553 junior.
965 1472 1072 1558 Hujus
1099 1470 1212 1534 memi·
1268 1470 1330 1535 tait
1366 1469 1501 1533 Matidia
1541 1468 1699 1532 Antonini
1736 1481 1933 1546 matertera,
1977 1490 2011 1532 ae

467 1595 549 1642 nere
570 1575 654 1638 trinu
671 1573 928 1658 epigrammata,
944 1592 1025 1656 quae
1046 1573 1214 1638 fereeon·
1270 1585 1449 1657 propterea
1471 1570 1588 1634 omissa
1615 1571 1677 1635 tuis
1699 1593 1719 1632 a
1734 1571 1941 1654 Capitolino,
1963 1572 2014 1652 qni

466 1677 590 1760 spirant
605 1678 646 1758 ¹).
677 1675 804 1738 Horum
822 1695 922 1736 unum
941 1675 988 1737 sie
1001 1675 1138 1758 junioris
1153 1673 1213 1738 ltu·
1269 1675 1453 1737 naturalem
1474 1683 1598 1736 tantum
1627 1671 1764 1755 stirpem
1789 1692 1948 1736 enarrare
1970 1675 2013 1734 in

469 1779 520 1864 ius
536 1775 688 1842 Matidiae
705 1795 809 1860 genus
822 1775 1049 1861 persequitur:
1273 1773 1376 1837 stituit
1384 1757 1401 1850 ς’
1428 1786 1461 1837 at
1488 1772 1551 1836 tuit
1578 1772 1651 1837 telis
1677 1793 1740 1857 per
1766 1774 1954 1856 adoptionis
1974 1778 2016 1837 le·

731 1879 951 1940 MATlDlAE
1274 1895 1368 1960 gem,
1396 1895 1472 1938 uam
1489 1873 1669 1938 secundum
1691 1876 1776 1937 hane
1793 1874 1917 1938 Sabina
1938 1873 2016 1938 tacu

542 2036 546 2048 ,
656 1977 759 2045 AVG.
782 1977 865 2044 FlL.
888 1979 1027 2046 DlVAE
1274 1989 1326 2042 est
1342 1989 1448 2040 mater
1461 1976 1634 2052 Antonini,
1663 1989 1711 2052 et,
1739 1976 1829 2059 quod
1846 1980 2014 2059 consequi-

645 2081 914 2144 MARCIANAE.
938 2079 1041 2148 AVG.
1272 2091 1353 2156 tur,
1376 2077 1515 2142 Sabinae
1542 2096 1639 2141 soror
1660 2075 1798 2139 Matidia·
1813 2077 1929 2161 junior
1948 2097 2015 2144 esu·

578 2181 722 2248 NEPTl.
743 2183 893 2248 DlVAE.
918 2179 1112 2256 SABINAE
1273 2179 1315 2243 sit
1331 2193 1507 2243 matertera
1524 2177 1697 2256 Antonini,
1725 2191 1822 2262 utque
1841 2179 1908 2242 boe
1925 2179 2014 2242 titulo

694 2283 796 2351 AVGs
821 2281 986 2345 SORORI
1273 2279 1326 2343 usi
1337 2280 1596 2356 Minturnenses,
1615 2279 1672 2364 qui
1687 2299 1831 2342 marmor
1845 2277 1933 2342 illud
1945 2278 2016 2341 huie

679 2381 1007 2449 1MP.AN'r0N1N1
1273 2380 1428 2445 Matidiae
1449 2381 1584 2446 honoris
1613 2401 1708 2444 nanee
1735 2399 1902 2465 posuere,
1937 2399 2018 2444 eom·

521 2483 630 2551 AVG,
643 2484 720 2572 Pll..
734 2483 778 2547 P.
795 2483 833 2546 P.
857 2479 1166 2543 MATERTERAE
1275 2495 1457 2546 memorsto
1484 2483 1627 2566 primum
1656 2481 1796 2546 naturali
1823 2501 1902 2544 unm
1933 2501 2019 2565 prae·

570 2575 574 2582 ’
675 2581 1020 2648 MINTVRNENSES
1276 2583 1468 2648 sedentibus
1486 2583 1640 2666 Augustis
1660 2603 1765 2660 nexu,
1794 2585 1829 2644 in
1846 2583 1946 2667 hujus
1969 2581 2019 2644 sle·
2101 2662 2102 2665 Ἴ

795 2684 837 2748 Β.
859 2683 909 2746 D,
1276 2684 1368 2750 testu
1384 2682 1580 2749 adscititium
1597 2683 1801 2761 consutam,
1821 2697 1861 2748 ut
1877 2704 1950 2749 eam
1965 2702 2020 2767 per
2101 2686 2102 2689 ’

476 2789 558 2855 Cum
580 2796 691 2851 nostra
721 2786 804 2849 baeu
829 2781 962 2847 Matidia
986 2780 1022 2845 in
1046 2783 1120 2849 boe.
1138 2806 1221 2848 mer·
1279 2786 1499 2851 sdntauomm
1535 2808 1611 2851 eum
1644 2785 1834 2869 imperantis
1870 2784 2021 2869 principis

477 2910 572 2955 noro
590 2888 717 2953 dicatur
737 2885 867 2973 quidem
882 2884 949 2948 lilia
965 2886 1143 2970 Augustae,
1162 2886 1222 2950 sed
1280 2888 1379 2953 ‹lomo
1395 2888 1523 2973 possint
1537 2888 1750 2972 conjungere.
1785 2888 1878 2951 Sane
1891 2888 1921 2951 si
1936 2884 2018 2949 Sebi-

478 3014 546 3057 uon
580 2992 649 3074 ipra
671 2992 834 3073 Augusta,
875 3000 910 3049 et
949 2986 1081 3070 quidem
1115 2986 1221 3051 adbuc
1279 3012 1321 3055 na
1335 2989 1440 3075 potuit
1455 2988 1521 3053 diei
1543 3003 1652 3054 mater
1667 2989 1826 3053 Antonini
1839 2988 1913 3067 Pii,
1939 3006 2020 3049 uen-

475 3108 628 3177 tempore
659 3090 815 3155 Antonini
844 3088 912 3161 Pii,
943 3088 1120 3165 doeemur,
1150 3110 1222 3153 eam
1279 3112 1323 3177 pe
1342 3111 1405 3176 per
1431 3090 1657 3174 adoptionem,
1685 3104 1723 3153 nt
1740 3090 1881 3154 habetur
1897 3090 1933 3152 in
1947 3109 2020 3151 mar·

477 3216 586 3281 neque
619 3196 653 3255 iu
682 3190 890 3275 provectiore
926 3202 1030 3253 estate
1059 3192 1226 3274 Augustae
1283 3213 1376 3256 more
1391 3191 1590 3256 Gruteriano
1613 3191 1665 3273 d),
1693 3192 1792 3255 etiam
1810 3190 1952 3254 Sabinae
1974 3208 2018 3250 so·

479 3296 610 3359 titulum
627 3294 751 3356 tulisse.
790 3288 1040 3355 Observandum
1055 3306 1226 3374 praeterea
1282 3315 1343 3359 ror
1354 3292 1486 3356 Matidia
1509 3291 1575 3356 sliri
1588 3294 1695 3377 potuit
1710 3293 1782 3375 ejus
1799 3292 1942 3377 Augusti
1962 3311 2018 3351 ma

482 3394 524 3462 ud
540 3396 605 3461 beo
620 3394 896 3458 Minturnensium
913 3392 1128 3475 epigramma,
1147 3394 1229 3456 mul·
1283 3406 1424 3473 sertem,
1445 3414 1508 3477 per
1520 3393 1728 3477 adoptionem
1741 3394 1833 3461 item.

481 3513 552 3563 tum
579 3497 730 3561 laborare
757 3495 1017 3570 Tillemontium,
1046 3516 1108 3578 que
1130 3496 1228 3559 ratio·
1346 3496 1459 3562 luuior
1473 3497 1554 3561 baeu
1570 3496 1939 3563 Metisliunumisoatet

483 3622 527 3665 ue
554 3600 663 3683 junior
692 3598 774 3662 baeu
798 3578 930 3661 uiridia
955 3594 1019 3659 dici
1047 3610 1144 3681 queat
1160 3599 1226 3659 An·

483 3704 589 3767 touini
603 3702 656 3763 Pii
675 3714 865 3774 matertera,
894 3718 954 3761 teu
979 3698 1090 3760 matris
1113 3718 1231 3775 soror,

416 3866 420 3873 .
485 3808 596 3889 (terte
622 3802 829 3881 muternelle)
855 3800 932 3862 dum
955 3812 1098 3877 constat,
1130 3799 1227 3882 hujus

428 3952 435 3957 -
487 3904 626 3990 Augusti
641 3916 778 3965 matrem
793 3897 893 3964 tuisse
907 3900 1034 3961 Arriam
1050 3899 1227 3979 Fortinum
1446 3903 1645 3971 HATIDIA,
1679 3903 1781 3973 Avo.
1805 3905 1845 3967 F.
1867 3906 1904 3967 in
1929 3920 2016 3965 nter:

487 4023 523 4072 et
539 4008 686 4083 miretur,
709 4004 737 4067 si
753 4023 831 4067 vere
850 4003 920 4085 ejus
941 4014 1115 4066 matertera
1131 4001 1229 4066 exsti·
1447 4007 1571 4073 culs,
1600 4005 1703 4074 AVG.
1731 4006 1899 4069 GERMA.
1926 4004 2018 4067 DAC.

484 4112 541 4187 tit,
564 4104 718 4171 feminam
731 4118 800 4167 tam
808 4104 969 4167 illustrem
985 4104 1134 4168 omissum
1152 4104 1230 4167 fuis·
1448 4110 1544 4175 GOS.
1566 4108 1607 4178 V.
1627 4108 1666 4171 1².
1689 4108 1728 4173 Ρ.
1762 4109 1892 4169 Mulier
1913 4108 2021 4169 sedens

399 4221 405 4229 '
473 4208 524 4276 ¹se
552 4233 571 4274 n
594 4207 795 4293 Capitolino,
827 4206 885 4288 qui
912 4218 1021 4269 tumen
1042 4206 1138 4289 hujus
1165 4208 1231 4267 Au·
1447 4214 1536 4275 luter
1554 4215 1638 4274 duos
1652 4212 1800 4293 insontes
1811 4210 1990 4271 adstantes.

489 4313 575 4397 gusti
601 4329 758 4396 genusne
777 4305 912 4388 stirpem
934 4306 1063 4387 prolixe
1088 4322 1231 4371 nomme-
1285 4310 1524 4379 tttttclANA.
1573 4309 1675 4379 AVG.
1726 4308 1890 4374 SOROR.
1939 4306 2022 4368 m.

1586 3736 1733 3803 Numi.-

488 4428 604 4480 motflt·
649 4412 761 4505 Qum
792 4409 895 4475 mit!
917 4408 1024 4471 illatae
1050 4408 1147 4490 hujus
1174 4432 1232 4475 ue-
1289 4415 1478 4479 'llRAlANL
1500 4417 1607 4501 Caput
1622 4413 1835 4512 Mureinrue.
1857 4411 1927 4472 AR.
1942 4409 2023 4491 (llo-

490 4516 696 4583 oessitudinis
731 4512 935 4595 oonjeeturas
967 4512 1137 4592 proponit,
1174 4535 1232 4579 ne.
1287 4516 1365 4579 ,0111
1385 4515 1526 4599 sputu,
1544 4536 1578 4597 p,
1595 4516 1681 4595 ¹⁰⁰·)

498 4642 2022 4679 w

528 4740 559 4805 ἢ)
580 4738 805 4893 (ὶιυίεὲ)ρ.252.
819 4751 847 4810 9.
861 4752 904 4799 to.
922 4748 951 4795 et
966 4758 997 4815 p.
1010 4748 1089 4801 tots·
1105 4750 1132 4803 5.
1223 4740 1260 4813 b)
1277 4738 1356 4798 rtur·
1369 4738 1393 4799 Ι.
1408 4736 1440 4796 in
1453 4738 1522 4796 Aut.
1536 4736 1629 4796 Pium.
1719 4738 1752 4808 c)
1770 4734 1863 4795 lusor.
1879 4728 1969 4789 Class.
1979 4725 2024 4784 lll.

493 4838 575 4887 nto-
721 4844 789 4905 pug.
801 4838 864 4891 252·
880 4840 907 4889 7.
