4267 5500
729 589 1149 665 VESPASI'ANVS.

160 754 293 820 ΡΟΝΤ.
318 752 423 819 Mill.
451 754 521 815 Til.
541 754 577 817 P.
594 752 695 819 008.
719 757 789 821 vlt.
809 757 846 823 Ρ.
866 758 905 823 P.

162 860 326 943 Columna
345 868 509 933 rostrata,
537 858 594 916 cui
616 857 749 919 insistit
770 861 907 921 simula·

158 980 251 1021 crum
266 960 391 1021 nudum
409 960 519 1037 cupite
538 958 688 1033 radiato,
715 960 747 1021 d.
764 960 906 1035 tastum,

157 1080 184 1121 s.
200 1062 288 1137 ‚quid
320 1063 429 1120 instar
452 1062 632 1140 paretonii
667 1074 790 1123 tenens.
832 1059 904 1128 AV.

158 1158 336 1242 (starem.)

222 1262 333 1343 Typus
360 1258 414 1323 hic
439 1259 474 1321 iu
501 1260 706 1345 sequentium
733 1261 905 1325 etiam-an·

158 1382 279 1425 norum
304 1360 426 1437 usmis,
458 1373 525 1422 tum
549 1374 583 1424 et
613 1364 754 1426 liliorum
777 1365 903 1426 visitur.

160 1463 279 1526 Adhuc
297 1463 449 1525 idoneum
469 1463 685 1546 interpretem
707 1480 819 1528 nactus
837 1486 903 1529 nou

160 1578 230 1635 est,
251 1584 357 1647 neque
379 1584 442 1647 ego
464 1565 658 1647 promittere
679 1567 797 1642 ausim,
827 1586 904 1629 con·

158 1668 307 1751 jecturse
337 1684 447 1742 mese,
479 1686 573 1749 quum
599 1686 680 1747 mox
707 1660 902 1748 producam,

157 1770 277 1849 justum
316 1766 442 1851 pondus
479 1766 598 1832 inesse.
660 1770 903 1852 Harercampus

157 1882 288 1947 censet,
316 1866 466 1931 exhiberi
487 1882 634 1932 veterem
653 1870 836 1933 columnam
851 1891 903 1933 ro·

158 1950 306 2046 stratam,
349 1950 434 2053 ottae
470 1967 504 2029 in
534 1969 712 2036 Vitelliano
749 1972 902 2036 incendio

158 2074 315 2157 perierit,
332 2070 478 2133 restituta
496 2068 633 2133 subinde
650 2094 667 2135 a
683 2074 902 2156 Vespasiano,

158 2176 255 2257 hujus
276 2194 356 2237 sero
374 2172 581 2255 imperatoris
607 2193 679 2235 esse
701 2189 834 2239 statuam
853 2177 902 2237 illi

157 2276 352 2361 impositam.
409 2272 622 2335 Eruditorum
665 2274 785 2357 judicio
829 2300 902 2361 per·

157 2380 267 2455 mitto,
305 2398 345 2439 an
364 2396 430 2439 uon
452 2374 529 2451 alis,
558 2375 746 2461 certiorque
769 2378 833 2443 hoc
856 2394 902 2463 ty·

157 2500 203 2563 po
232 2492 334 2543 statua
368 2475 581 2559 intelligenda
609 2477 667 2552 sit,
699 2499 737 2541 ea
767 2501 901 2564 nempe,

159 2580 201 2643 de
231 2602 313 2665 qua,
358 2594 507 2664 tanquam
546 2576 588 2641 de
616 2579 695 2641 artis
725 2580 901 2658 miraculo,

159 2681 291 2766 copiosa
326 2680 483 2744 habemus
519 2694 670 2746 ueterum
699 2683 901 2761 testimonia,

158 2797 193 2848 et
221 2803 304 2868 quae
329 2783 397 2866 ipsa
420 2783 611 2866 Vespasiani
641 2803 770 2867 qnoque
801 2785 903 2867 impe·

159 2885 246 2948 rium
277 2883 469 2949 nobilitavit.
518 2885 639 2946 Erecta
668 2885 731 2946 init
760 2887 901 2947 Neronis

160 2987 268 3068 jussu,
290 2986 450 3069 hujusque
465 2985 600 3068 insignis
617 2985 774 3068 imagine,
791 2987 902 3070 operis

158 3087 340 3151 architecto
356 3085 549 3160 Zenodoro,
574 3086 637 3148 alta
662 3085 765 3164 pedes
789 3088 844 3149 CX
859 3089 900 3169 ⁸),

160 3189 320 3253 Suetonio
338 3187 442 3270 pedes
468 3187 555 3250 CXX
569 3183 619 3266 1³),
642 3188 679 3250 P.
693 3187 820 3254 Victori
828 3189 900 3254 (ΙΙΙ.

150 3293 258 3376 ‘sensis
281 3293 331 3369 ο),
361 3289 506 3352 Eusebio
535 3289 689 3352 cxxvu.
713 3285 766 3367 ἃ),
801 3289 901 3352 Dioni

158 3395 246 3474 Gt).
282 3393 369 3456 Divo
399 3391 602 3472 Hieronymo
622 3389 766 3470 (ΝΙΗ).
805 3392 901 3454 Dam-

158 3494 241 3557 natis
254 3495 396 3557 Neronis
411 3491 591 3556 sceleribus
607 3511 682 3555 cum
699 3502 770 3556 earn
784 3491 900 3556 vitium

156 3617 282 3680 passam
308 3593 520 3660 reficiendam
550 3593 764 3676 Vespasianus
791 3613 900 3656 curas·

157 3709 224 3772 set,
247 3695 381 3780 dempto
402 3695 479 3758 iude
502 3693 572 3778 ejus
600 3693 754 3777 principis
776 3696 899 3779 capite,

157 3797 308 3882 Solisque
339 3797 493 3879 imposito
525 3797 630 3880 capite
658 3791 729 3858 Soli
753 3815 825 3858 eam
853 3797 899 3857 di·

157 3897 241 3960 carit
263 3901 306 3976 s),
348 3899 508 3962 Habuiase
536 3897 623 3959 hunc
659 3897 822 3962 colossum
849 3919 900 3960 ra·

156 3997 228 4062 dios
247 4000 342 4076 Vtt,
370 4013 528 4063 testantur
547 3998 783 4080 Hieronymus,
814 4012 848 4062 et
862 4000 898 4064 Ρ.

155 4103 272 4166 Victor
292 4099 342 4183 ιἱ),
364 4101 547 4186 etquidem
565 4101 731 4182 posterior
754 4099 899 4181 singulos

154 4203 256 4269 fuisse
274 4201 395 4286 pedum
414 4204 514 4268 xxii.
533 4201 649 4278 sensis,
682 4221 748 4285 quo
768 4202 810 4266 de
824 4221 899 4285 pro-

156 4303 245 4390 digio
262 4305 419 4368 Hardalis
440 4303 480 4388 i):

215 4407 287 4472 Nec
303 4420 335 4470 tc
346 4411 495 4470 detinent
513 4407 591 4466 miri
606 4407 741 4466 radiata
761 4403 898 4481 colossi,

1641 632 1713 699 535

1071 760 1166 845 Quae
1183 762 1354 829 uenatum
1372 771 1475 833 moins
1486 776 1617 839 uincere
1626 799 1711 861 gan·

1457 874 1512 933 det
1528 896 1619 955 opus.

962 960 1028 1022 lam
1056 980 1139 1025 vero
1164 976 1198 1026 et
1217 965 1375 1032 radiatum
1402 987 1498 1055 caput
1515 990 1591 1054 est,
1619 982 1708 1063 quod

961 1060 994 1121 in
1011 1062 1127 1124 numia
1149 1064 1200 1127 liis
1223 1068 1431 1133 simulacrum
1455 1071 1564 1140 offert.
1603 1080 1709 1163 Egre»

962 1161 1132 1245 gieetiarn
1155 1170 1335 1252 'respondet
1356 1185 1486 1255 tempus
1497 1197 1507 1255 3
1526 1198 1708 1245 maurentio

961 1264 1096 1327 dentum
1117 1268 1159 1332 V.
1187 1271 1223 1332 C.
1245 1272 1324 1354 829,
1361 1292 1425 1333 non
1450 1290 1561 1352 antea,
1594 1278 1647 1343 hic
1671 1284 1706 1343 in

960 1367 1066 1430 nuruis
1093 1380 1187 1451 typus
1211 1372 1405 1454 conspicuus
1416 1374 1467 1436 'tis
1512 1378 1554 1439 At
1579 1396 1706 1447 constat

961 1485 1002 1529 ex
1030 1468 1138 1545 Dione
1155 1467 1203 1551 ¹¹),
1241 1472 1404 1535 colossum
1430 1475 1517 1539 hunc
1543 1480 1705 1564 insignem
1812 1511 1814 1514 ·

959 1588 1045 1631 anno
1077 1572 1115 1635 V.
1139 1572 1174 1636 C.
1198 1574 1263 1635 828
1289 1572 1323 1633 in
1350 1576 1401 1637 via
1430 1596 1520 1639 secra
1545 1580 1707 1661 locatum,

960 1689 1057 1752 quesn
1085 1670 1185 1748 adeo,
1222 1686 1258 1734 ut
1286 1678 1370 1736 tanti
1403 1677 1578 1741 moliminis
1606 1704 1705 1766 opus,

959 1782 1056 1853 atque
1078 1772 1112 1831 in
1134 1775 1240 1834 solem
1261 1774 1380 1859 religio
1402 1781 1606 1860 merebatur,
1637 1787 1704 1869 pla-

959 1871 1026 1933 cuit
1048 1892 1221 1936 uumorum
1243 1875 1339 1937 etism
1349 1878 1549 1945 celebritate
1569 1882 1704 1952 efferre.

960 1972 1085 2040 Verum
1106 1997 1187 2058 quse
1203 1998 1244 2038 ex
1259 1978 1350 2039 numi
1368 1980 1509 2064 imagine
1534 2003 1598 2046 non
1621 1986 1704 2048 levis

960 2076 1124 2137 enascitur
1157 2077 1348 2154 difficultas,
1388 2096 1450 2155 est,
1482 2084 1569 2166 qnod
1598 2100 1704 2150 tantae

959 2174 1154 2251 altitudinis,
1187 2180 1405 2264 ponderisque
1434 2186 1580 2248 colossus
1602 2187 1705 2271 intpo·
1762 2244 1772 2257 ,

959 2274 1038 2337 situs
1059 2272 1310 2357 est-columnae,
1335 2305 1420 2360 non,
1446 2285 1532 2367 qaod
1548 2287 1609 2350 hae
1630 2308 1704 2350 cae»

960 2397 1014 2439 sae
1031 2382 1196 2461 postulare
1219 2381 1387 2459 sidentur,
1416 2384 1503 2460 basi,
1525 2398 1594 2448 tum
1617 2388 1704 2472 qued
1791 2425 1805 2441 .

959 2499 998 2540 ea
1024 2481 1153 2543 navium
1183 2483 1300 2545 rostris
1341 2485 1530 2564 decoratur,
1566 2509 1706 2572 quorum

958 2601 1036 2643 sane
1061 2582 1144 2645 ratio
1174 2582 1359 2664 ignoretur,
1390 2609 1499 2673 neque
1513 2590 1704 2653 -meminece

960 2682 993 2742 iu
1032 2684 1153 2745 colossi
1193 2684 1415 2769 descriptione
1452 2704 1596 2757 veteres.
1638 2693 1706 2761 Ve-

958 2805 1053 2861 reor,
1077 2806 1120 2857 ue
1139 2792 1283 2870 'nunqua
1310 2790 1392 2853 llaec
1411 2792 1578 2872 peristasis
1597 2793 1706 2874 conje—

959 2897 1071 2947 cturae
1093 2907 1185 2948 meae
1205 2889 1356 2952 damnosa
1376 2891 1425 2952 sit.
1457 2891 1502 2952 Et
1522 2908 1705 2956 rostrorum

959 2984 1091 3069 quidem
1112 2987 1589 3074 esplieatnm-ignorsmus,·‘nt
1611 2995 1706 3076 igno-

958 3107 1065 3149 ramus
1089 3087 1247 3172 pleraque
1273 3090 1368 3172 hujus
1404 3093 1517 3155 aetatis
1540 3094 1625 3156 iacta
1650 3092 1706 3156 de·

958 3186 1096 3271 perditis
1116 3189 1222 3252 Taciti
1238 3206 1274 3254 et
1288 3192 1407 3254 Dionis
1423 3193 1597 3277 operibus,
1620 3215 1703 3278 quae

958 3291 1126 3374 magnoin
1149 3292 1348 3376 explicandis
1376 3295 1522 3377 priorum
1545 3316 1702 3358 annorum

957 3392 1063 3453 narnis
1086 3390 1180 3454 fuere
1203 3394 1362 3471 subsidio,
1392 3411 1426 3460 et
1447 3397 1534 3460 forte
1556 3419 1621 3460 non
1643 3399 1704 3459 im·

956 3491 1136 3574 probabilis
1160 3495 1367 3576 conjectura,
1404 3499 1503 3580 petits
1537 3518 1579 3560 ex
1610 3499 1702 3562 felici

957 3593 1148 3678 Vespasiani
1162 3595 1202 3657 ab
1221 3595 1361 3659 Oriente
1376 3599 1493 3674 redita,
1512 3599 1603 3678 cnjus
1618 3621 1702 3682 sym·

956 3694 1068 3757 bolum
1091 3696 1140 3758 sol
1159 3710 1224 3770 est,
1242 3696 1364 3758 adferri
1382 3713 1511 3782 posset,
1530 3701 1557 3759 si
1569 3699 1701 3762 luberet

956 3795 1130 3858 inhaerere
1155 3796 1363 3875 conjecturis,
1415 3798 1467 3858 Ad
1495 3797 1587 3861 idem
1615 3799 1702 3864 iorto

956 3903 1181 3979 argumentum
1201 3891 1369 3959 referendi
1386 3913 1461 3962 suut
1477 3901 1567 3962 numi
1586 3923 1701 3984 argen-

957 3999 1002 4060 tei
1019 3998 1052 4057 in
1072 3997 1241 4059 consulatu
1258 3999 1448 4082 Vespasiani
1466 3989 1554 4068 Vnt.
1572 4002 1699 4084 signati,

956 4100 988 4160 in
1027 4117 1165 4182 quorum
1207 4121 1320 4162 aversa
1348 4122 1448 4186 prorn
1477 4103 1566 4166 naris
1597 4103 1700 4164 immi-

955 4213 1055 4264 nente
1073 4199 1217 4283 desuper
1235 4214 1322 4264 astro
1340 4204 1437 4278 selis,
1473 4204 1508 4264 in
1527 4188 1696 4288 quibus'il-

955 4301 1012 4364 lud
1041 4315 1161 4364 astrum
1190 4303 1264 4367 vice
1299 4305 1420 4368 colossi
1450 4303 1519 4366 Soli
1546 4303 1696 4380 dedicati,

955 4417 989 4467 et
1004 4403 1098 4467 nasis
1114 4403 1186 4467 rice
1210 4405 1380 4469 columnae
1395 4419 1552 4466 rostratae
1573 4407 1697 4487 positae

189 4633 221 4702 a)
240 4629 316 4688 Plin.
334 4627 601 4702 l..lllleV.§.sa.
676 4625 710 4696 b)
731 4627 761 4682 in
778 4623 895 4684 Nerone
913 4639 993 4690 est.
1067 4629 1101 4696 c)
1119 4627 1147 4681 in
1166 4627 1296 4700 Reginae
1313 4625 1361 4682 lV.
1437 4623 1471 4697 d)
1490 4625 1521 4681 iu
1540 4625 1699 4686 Chronico.

154 4720 415 4792 e)L.LVl.§.ts.
488 4715 807 4790 mulinhusen&
882 4721 914 4792 gt
936 4713 1297 4788 Plinllicrunymdlcc.
1370 4713 1518 4786 h)ll.cc.
1593 4708 1704 4788 i)L.t.
1766 4757 1770 4768 ,

154 4811 246 4886 epigr.
260 4823 305 4872 71.
381 4811 415 4880 t)
436 4811 452 4866 l.
464 4831 487 4866 c.

1609 4815 1625 4852 Ι
