4267 5500
788 577 1119 692 svcvsrvs

190 773 266 838 olim
300 773 504 838 consulatum
544 775 648 841 inivit.
704 777 798 842 Vixit
831 800 931 842 annos

184 877 317 946 LXXV.
337 897 466 942 menses
481 879 520 943 X.
543 877 613 960 dies
627 878 746 946 xxvt.
763 882 803 962 ¹).

226 1001 230 1007 ’
248 976 310 1042 Vir
324 976 386 1039 fuit
402 979 526 1062 magnis
543 981 715 1044 virtutibus
733 981 929 1064 spectabilis,

186 1091 221 1140 et
243 1099 326 1162 quae
352 1078 465 1142 habuit
488 1081 582 1159 vitia,
612 1083 658 1146 sic
688 1084 822 1146 fuerunt
849 1092 936 1146 tem-¹

181 1193 311 1265 persta,
348 1194 385 1243 ut
412 1181 477 1243 leri
506 1197 650 1266 possent.
694 1186 817 1250 Occiso
844 1185 928 1248 Iulio

183 1267 258 1343 cum
278 1280 494 1374 principatum
519 1283 609 1349 adire
635 1286 741 1347 statim
765 1307 831 1349 non
855 1309 929 1370 pos-

183 1396 250 1460 set,
280 1383 427 1446 aemulos
449 1385 607 1468 tantisper
636 1409 767 1470 passus,
797 1389 927 1452 tandem

181 1482 373 1561 tolerantia,
419 1485 662 1566 moderatione,
700 1490 798 1553 armis
834 1511 930 1572 snpe-

179 1586 251 1650 xior
272 1584 423 1651 omnibus
455 1589 574 1667 erasit,
600 1591 706 1678 iisque
734 1603 789 1656 sut
816 1591 926 1670 victis,

180 1701 236 1750 aut
263 1686 416 1751 abdicare
456 1692 576 1754 coactis
613 1715 718 1778 remp.
742 1695 833 1759 vario
870 1715 929 1756 no·

180 1792 289 1866 mine,
311 1803 415 1852 ‘ancta
448 1795 636 1875 quotannis,
674 1817 711 1861 ac
745 1795 848 1878 magis
875 1794 931 1857 fir·

180 1903 265 1954 mata
290 1891 436 1973 potentia
463 1893 502 1955 ab
522 1918 605 1960 anno
636 1899 677 1965 V.
694 1899 729 1972 C,
755 1899 819 1980 723
847 1897 926 1980 ipsis

180 1993 394 2077 quadraginta
415 2009 553 2078 quatuor
572 1999 662 2062 annis
686 1999 775 2062 solus
802 1998 924 2076 tenuit,

179 2109 215 2157 ct
249 2095 487 2174 monarchiam,
519 2120 619 2182 ¹quam
656 2103 680 2163 Ι.
720 2102 850 2164 Οηηηηη
878 2101 926 2160 in·

177 2197 326 2272 choavit,
347 2198 421 2280 ipse
440 2197 582 2283 denique
600 2203 782 2290 constitnit,
807 2223 845 2264 ea
865 2201 926 2264 sal·

175 2311 245 2361 tem
268 2319 363 2361 eausa
386 2299 528 2382 imperio
549 2303 589 2366 tt.
615 2305 805 2380 salutarem,
837 2302 925 2386 quod

174 2400 241 2464 isto
268 2399 348 2478 sibi,
375 2401 584 2486 libertatique
612 2426 688 2469 suae
712 2405 831 2468 relicto
851 2403 926 2466 iieri

175 2521 243 2562 non
270 2515 415 2584 poterat,
448 2505 525 2589 quin
558 2506 665 2569 omnia
690 2521 828 2590 propter
860 2505 927 2588 pri·

174 2616 326 2666 vetorum
352 2606 545 2687 potentiam,
577 2629 675 2691 opes,
704 2622 926 2690 contemptum

173 2703 307 2790 legum,
334 2727 371 2770 ac
393 2707 618 2784 ambitionem,
641 2709 738 2773 fatale
759 2710 842 2793 reip.
860 2733 926 2773 ma·

174 2807 264 2885 lum,
288 2828 419 2890 pessum
434 2811 535 2888 irent,
562 2832 643 2897 quae
659 2812 781 2896 corrigi
802 2813 923 2889 omnia,

174 2908 240 2971 nisi
255 2930 322 2972 nno
345 2912 544 2995 imperante,
573 2934 640 2977 non
664 2929 810 2996 possunt.
857 2917 923 2977 lam

174 3028 258 3073 reru
280 3011 369 3096 quod
394 3014 512 3099 exigna
538 3016 678 3099 primum
697 3036 772 3098 spe,
802 3013 922 3079 deinde

173 3111 264 3175 inter
295 3113 517 3197 inpedimenta
547 3117 734 3199 gravissima
762 3138 844 3179 untrs
872 3136 924 3180 re·

171 3234 249 3284 runt
272 3217 395 3299 potitus
428 3228 497 3293 est,
528 3218 615 3281 istud
643 3221 737 3280 unius
772 3219 922 3281 fortunae

171 3314 277 3378 fuisse
308 3338 405 3400 opos,
436 3318 589 3383 viderunt
612 3320 683 3398 alii,
706 3322 832 3404 etipse
858 3319 925 3383 sor·

171 3428 273 3481 tunae
301 3433 472 3503 acceptum
495 3421 578 3484 tulit.
607 3422 688 3503 Ejus
714 3442 791 3484 sane
819 3440 923 3498 causa,

172 3518 283 3603 inquit
305 3522 358 3585 vir
384 3544 527 3585 summus
554 3522 748 3585 Plutarchus
769 3520 822 3605 1ὶ),
861 3522 924 3585 etsi

170 3618 263 3683 alind
297 3622 440 3700 vellent,
485 3625 602 3711 Cicero
645 3625 785 3707 primum
819 3644 923 3706 remp.

171 3720 321 3786 consiliis
348 3726 415 3786 suis
437 3726 541 3799 rexit,
573 3724 718 3807 Lepidus
741 3720 924 3798 exereitum,

170 3824 298 3902 tenuit,
323 3823 427 3889 Pansa
443 3825 538 3917 vicit,
567 3827 694 3891 Hirtius
721 3827 755 3888 in
778 3828 846 3891 scie
868 3848 921 3909 ce·
946 3846 947 3849 ’

172 3925 274 4005 cidit,
299 3942 333 3991 et
351 3930 511 3991 Antonius
531 3930 635 3992 amori
658 3928 792 4011 vacavit.
831 3927 919 4025 Quin

169 4042 207 4095 et
231 4028 456 4114 Cleopatram,
484 4030 604 4115 inquit,
628 4030 662 4092 in
681 4031 828 4095 Caesaris
854 4032 920 4095 lor·

168 4146 251 4196 tuna
284 4150 388 4214 pono,
427 4133 462 4193 in
493 4152 589 4217 quam
611 4131 720 4197 ‘velut
749 4136 919 4217 scopulum

169 4234 312 4319 impegit
332 4254 476 4297 summus
497 4233 693 4317 imperator,
719 4248 756 4297 nt
776 4234 918 4322 denique

170 4336 262 4400 solus
285 4349 427 4399 restaret
451 4336 582 4401 Caesar.
627 4334 738 4431 Quare
765 4357 839 4400 oum
863 4359 920 4402 ue·

170 4451 286 4522 potem
310 4437 425 4501 Caium
454 4436 494 4500 ud
519 4436 643 4501 bellum
675 4437 822 4503 Orientis
848 4440 920 4503 snit·

171 4554 281 4616 teret,
311 4540 345 4602 ei
372 4538 599 4602 fortitudinem
632 4540 812 4623 Scipionis,
849 4564 919 4626 gra-

169 4642 246 4707 tiam
272 4640 446 4726 Pompeji,
480 4662 569 4705 snam
594 4664 674 4707 sero
694 4644 793 4727 ipsius
817 4643 920 4707 fortn-

1674 634 1743 715 ιιι)

988 802 1061 843 nam
1094 768 1244 866 precatus
1274 789 1334 848 est.
1378 776 1598 866 Principatum
1631 789 1748 869 primu,

987 903 1049 964 per
1077 882 1140 946 sim
1166 899 1311 967 partum,
1339 905 1414 947 mox
1433 907 1452 946 a
1478 885 1663 949 volentibus
1684 887 1740 950 de-

985 981 1086 1046 latum
1109 975 1248 1069 egregie
1272 985 1524 1062 administrarit,
1557 984 1603 1050 sic
1629 1001 1669 1050 'nt
1690 1006 1741 1052 se·
1783 975 1787 980 ’

987 1073 1116 1148 caritati
1138 1087 1287 1170 publicae
1314 1087 1462 1158 stabilitis
1483 1086 1627 1170 legibus,
1646 1108 1740 1154 coer·

987 1184 1059 1249 citis
1092 1186 1323 1265 seditionibus,
1360 1190 1541 1272 repressis,
1574 1204 1629 1253 aut
1667 1208 1741 1254 ser·

985 1285 1057 1350 vire
1100 1289 1220 1373 coactis
1259 1284 1403 1353 externis
1434 1289 1582 1353 hostibus
1614 1291 1736 1373 optime

987 1389 1192 1469 consuleret,
1218 1397 1371 1472 essetque
1394 1388 1465 1475 ejus
1484 1393 1659 1475 imperinm
1682 1413 1738 1458 re·

987 1489 1176 1554 mocissimis
1208 1488 1305 1553 etiam
1345 1489 1495 1574 gentibus
1527 1494 1736 1557 formidatum

983 1577 1090 1678 'aeque
1116 1610 1153 1655 ae
1177 1591 1380 1662 venerabile.
1423 1595 1476 1657 nd
1504 1595 1593 1659 bella
1619 1614 1737 1680 geren·

988 1693 1029 1756 da
1053 1691 1188 1768 habilis,
1231 1712 1347 1756 eorum
1374 1706 1483 1758 tamen
1507 1697 1640 1760 felicem
1668 1695 1739 1761 exi·

987 1807 1056 1858 turn
1094 1794 1219 1857 alienae
1253 1795 1355 1878 magis
1390 1797 1502 1861 virtuti
1537 1796 1732 1883 plerumque

988 1892 1112 1960 debuit.
1155 1893 1321 1962 Victoriae
1342 1896 1561 1980 Philippensis
1587 1899 1656 1961 laus
1679 1921 1736 1981 pe·

982 2015 1043 2058 nes
1071 2017 1170 2057 unum
1196 1999 1242 2060 Μ.
1270 1997 1465 2075 Antonium,
1496 1997 1574 2062 victi
1599 1999 1734 2082 praeliis

983 2095 1149 2160 navalibus
1179 2095 1255 2162 Sex.
1277 2096 1452 2187 Pompeji,
1487 2098 1575 2161 etad
1604 2101 1734 2161 Actium
1779 2157 1783 2164 .

983 2196 1118 2259 Antonii
1144 2217 1243 2279 penes
1268 2219 1365 2264 unum
1390 2199 1462 2262 iere
1481 2204 1527 2265 M.
1541 2201 1730 2284 fhgrippam

983 2299 1082 2361 stetit.
1126 2301 1162 2360 In
1182 2299 1347 2363 Dalmatas
1372 2303 1457 2364 ricto
1479 2302 1730 2393 Pompejo‘ipsc

984 2401 1092 2477 duxit,
1118 2421 1155 2463 ac
1183 2404 1288 2464 serius
1313 2400 1345 2463 in
1368 2403 1563 2480 Cantabros,
1592 2407 1674 2486 quae
1699 2402 1731 2466 ei

984 2502 1152 2586 expeditio
1177 2505 1342 2586 postrema
1361 2503 1439 2581 fuit,
1467 2527 1541 2567 nans
1568 2498 1646 2588 quas
1675 2503 1732 2567 de·

984 2603 1097 2686 inceps
1121 2598 1280 2686 suscepit,
1301 2608 1345 2672 tt.
1371 2605 1562 2691 Agrippae,
1580 2620 1634 2668 eut
1652 2605 1730 2669 viris

984 2725 1025 2768 ex
1049 2705 1172 2769 familia
1199 2716 1255 2770 'sua
1281 2708 1460 2785 commisit,
1483 2708 1529 2771 sic
1547 2720 1673 2786 tamen,
1693 2721 1734 2776 ,nt

983 2808 1053 2892 ipse
1080 2809 1196 2871 relicta
1213 2811 1317 2873 Roma
1340 2810 1510 2895 praeclaro
1532 2807 1669 2871 consiliu
1690 2826 1733 2892 ox
1814 2894 1819 2912 .

981 2907 1166 2993 propinquo
1190 2912 1240 2972 rei
1265 2910 1431 2993 gerendae
1452 2931 1562 2972 curam
1584 2910 1732 2973 intende-

980 3023 1044 3073 ret.
1086 3008 1198 3086 Bells,
1225 3013 1287 3073 nisi
1314 3033 1387 3076 cnm
1412 3028 1548 3074 necesse
1565 3010 1645 3089 suit,
1665 3028 1732 3073 non

981 3110 1107 3193 coepit,
1138 3116 1363 3195 atqne'etiam
1396 3127 1529 3196 coepta,
1562 3134 1636 3177 cum
1668 3112 1730 3174 sibi

981 3214 1068 3293 ultro
1107 3211 1147 3275 ab
1185 3213 1333 3279 hostibus
1371 3210 1564 3293 satisfieret,
1610 3212 1728 3278 omisit.

980 3319 1186 3382 Adolescens
1205 3341 1222 3382 a
1242 3318 1373 3382 saevitia
1391 3338 1455 3379 non
1472 3317 1616 3393 alienus,
1642 3314 1730 3399 quod

982 3436 1058 3505 post
1075 3418 1200 3484 bellum
1218 3419 1448 3503 Philippense,
1481 3434 1514 3482 et
1529 3420 1727 3482 Perusinum

981 3530 1196 3607 compertum'
1214 3521 1295 3599 fuit,
1330 3535 1439 3584 tamen
1469 3519 1574 3585 facilis
1601 3521 1661 3582 luit
1688 3518 1729 3582 ad

980 3626 1232 3707 ignoscendum,
1264 3637 1298 3687 et
1323 3622 1419 3685 facile
1450 3643 1485 3686 se
1515 3623 1653 3685 aliorum
1679 3644 1729 3685 su·

980 3724 1030 3789 nis
1052 3725 1412 3810 consiliis,·praecipne
1439 3723 1653 3799 Maecenatis,
1684 3721 1726 3785 ad

979 3828 1259 3893 mansuetudinem
1268 3824 1417 3890 revocari
1428 3845 1539 3909 passus
1549 3840 1609 3890 est.
1632 3826 1727 3887 Sum·

977 3945 1050 4013 ptus
1072 3930 1105 3991 in
1135 3928 1270 3992 edendis
1290 3927 1502 4011 spectaculis,
1526 3919 1722 4009 congiariis,

977 4030 1160 4094 muniendis
1198 4031 1274 4107 viis,
1310 4025 1467 4093 aedificiis
1501 4025 1641 4111 publicis
1675 4025 1726 4089 in*

977 4148 1094 4217 gentes
1117 4132 1212 4210 fecit,
1247 4132 1309 4196 etsi
1332 4132 1439 4195 cultus
1465 4127 1554 4193 domi
1582 4130 1722 4213 simplex

977 4246 1080 4312 esset,
1111 4248 1145 4298 et
1172 4234 1237 4299 rita
1266 4234 1414 4317 frugalis.
1456 4233 1575 4294 Animo
1607 4232 1639 4293 in
1668 4231 1723 4294 ad·

975 4336 1080 4403 versis
1101 4354 1166 4399 non
1187 4355 1340 4419 semper,
1363 4349 1399 4397 nt
1416 4330 1521 4396 virum
1545 4332 1721 4411 decuerat,

976 4438 1055 4501 sorti
1072 4434 1262 4527 fuitpqnod
1283 4432 1383 4521 patuit
1393 4450 1474 4537 post
1487 4431 1566 4502 Veri
1585 4435 1620 4494 in
1638 4436 1721 4498 Ger·

976 4542 1082 4603 mania
1114 4540 1259 4614 cladem,
1292 4539 1460 4621 variasque
1495 4536 1611 4598 domus
1641 4556 1718 4600 snae
1751 4557 1754 4561 ⁴

975 4638 1178 4729 ignominias.
1208 4633 1403 4709 Valetudine
1420 4636 1500 4701 'etsi
1527 4637 1633 4700 minus
1666 4636 1720 4701 fir·

169 4747 1803 4809 *ww-...mis

206 4854 237 4923 a)
257 4850 327 4908 Dio.
404 4849 440 4923 b)
461 4850 498 4907 dc
514 4852 595 4909 Fort.
610 4849 695 4909 Rom.
713 4849 793 4909 L.11.
813 4860 914 4931 psit.
