4267 5500
454 536 528 610 ...ο
1086 510 1364 591 oosuurs.

460 687 539 753 tium
575 704 671 749 russo
709 686 850 769 conjuge
883 684 1069 747 Domitiano
1104 683 1203 747 vitum
1352 680 1483 765 Quique
1508 700 1606 765 regas
1633 682 1740 747 orbam
1771 703 1846 745 oum
1875 686 1995 747 seniore

461 790 569 854 sdhuo
587 788 648 849 diu
674 806 887 873 prorogooso¹
900 785 1009 869 sique
1031 806 1097 849 uon
1122 786 1204 849 mul·
1434 780 1440 791 '
1558 816 1565 823 ·
1744 805 1856 850 scaea.

460 905 496 956 to
522 903 596 976 post
622 902 762 952 mortem
788 902 940 973 tempore
969 891 1057 967 (uum
1081 886 1204 951 benefi-
1238 884 1354 966 ·Ergo
1372 884 1534 965 socundus
1548 882 1601 947 hio
1617 888 1802 952 consulatus
1819 888 1996 971 intelligen-

460 992 585 1058 uiorum
610 990 768 1054 memoria
792 987 847 1050 diu
870 988 988 1051 dururo
1011 1009 1078 1051 nou
1102 988 1204 1069 uolet)
1262 984 1323 1047 dus
1342 999 1392 1056 est
1408 985 1451 1063 is,
1470 986 1529 1070 qui
1549 987 1580 1049 ei
1596 987 1659 1070 jum
1676 988 1825 1073 Augusto
1844 990 1995 1053 secundus

459 1117 477 1157 s
507 1092 607 1177 gratis
635 1092 763 1157 libertis
792 1090 976 1174 Polyosrpo
1008 1104 1041 1154 ot
1068 1090 1203 1181 Europe
1261 1086 1340 1161 fuit;
1369 1086 1492 1173 alioqui
1517 1090 1691 1153 Suetonius
1717 1111 1758 1155 oo
1784 1092 1892 1175 oupite
1916 1112 1997 1155 exso

460 1208 661 1261 exstructum
679 1192 857 1277 templum,
884 1213 922 1257 so
949 1192 1082 1256 domum
1104 1194 1146 1261 V.
1168 1194 1204 1257 C.
1263 1188 1373 1272 quitur
1409 1188 1483 1267 ills,
1519 1212 1601 1274 quuo
1636 1192 1768 1276 peregit
1802 1194 1996 1256 Domitianus

459 1296 522 1379 dod
545 1295 664 1379 dictam
684 1294 854 1379 pecuniam
877 1293 1053 1377 municipio
1073 1313 1205 1357 conces·
1262 1288 1325 1372 jum
1354 1289 1477 1353 arbiter
1502 1290 1641 1376 imperii.
1685 1293 1797 1386 Quare
1825 1294 1998 1359 verisimili

460 1419 538 1463 ssm.
569 1395 733 1457 Disoimus
756 1394 852 1472 item,
878 1414 917 1457 ea
942 1414 1073 1479 quoquo
1099 1406 1203 1457 rotate
1262 1404 1315 1453 ter
1336 1389 1391 1453 hio
1413 1404 1575 1456 natusest
1597 1414 1681 1457 uuuo
1698 1396 1739 1463 V.
1755 1397 1792 1461 C.
1811 1398 1893 1474 835,
1914 1414 1998 1483 atque

460 1498 582 1562 licitum
602 1495 703 1559 fuisse
719 1494 864 1577 privatis,
879 1495 914 1555 iu
930 1496 1091 1571 honorem
1107 1495 1204 1563 olium
1263 1492 1324 1556 huo
1351 1494 1523 1559 occasione
1547 1494 1666 1559 luctum
1691 1496 1809 1575 fuerit,
1838 1514 1873 1560 ut
1899 1500 1998 1563 Domi-

460 1620 591 1675 oornm,
614 1596 717 1681 quiin
735 1593 1021 1659 divosrelatiuou
1038 1597 1151 1675 suero,
1169 1619 1205 1661 oo
1263 1594 1340 1658 tiam
1365 1594 1544 1679 Augustum
1568 1596 1712 1673 diceret,
1739 1598 1827 1683 quod
1853 1600 1902 1661 ibi
1923 1600 1999 1663 addit

336 1767 342 1788 ι
460 1701 574 1765 saltem
593 1698 768 1761 illustrium
787 1687 1017 1783 Personarum,
1041 1721 1083 1765 ex
1107 1700 1207 1785 pisu-
1265 1696 1458 1775 Suetonius,
1510 1710 1543 1761 et
1571 1697 1613 1761 sd
1641 1698 1727 1762 huno
1759 1723 1879 1764 annum
1908 1700 1998 1763 refert

459 1805 500 1868 tis
519 1804 648 1868 adfectu
667 1800 799 1883 erigere
815 1801 947 1884 templu.
1263 1796 1436 1861 Eusebius.
1480 1798 1671 1878 Falluntur,
1705 1800 1761 1885 qui
1788 1801 1877 1866 huno
1907 1804 1998 1865 filium

502 1908 621 1971 filius.
650 1902 836 1965 Domitiano
863 1922 904 1963 ox
928 1900 1071 1965 Domitio
1095 1914 1205 1964 uatum
1264 1918 1305 1962 ex
1327 1899 1410 1963 lulio
1428 1900 1496 1962 Titi
1519 1900 1585 1965 filiu
1609 1901 1797 1965 Domitiano
1823 1918 1934 1966 ustum
1956 1926 1998 1967 uu·

462 2027 535 2071 osso
559 2007 682 2082 lilium,
712 2017 849 2068 testatur
876 2003 1051 2067 Suetonius
1074 2014 1120 2078 ¹)=
1153 2007 1207 2067 da-
1263 2014 1402 2076 tumuntt
1440 2024 1513 2065 oum
1543 2000 1678 2066 uolebat
1703 2024 1745 2067 ex
1767 2002 1829 2068 hac
1858 2004 1932 2068 fiori
1955 2026 1998 2087 ps·

460 2110 538 2170 iada
550 2128 688 2171 uxorem
701 2108 897 2180 Domitiam,
910 2126 956 2168 ea·
965 2126 1031 2185 aaa
1045 2108 1082 2169 ia
1093 2128 1206 2169 secun·
1264 2114 1335 2180 ter,
1372 2102 1477 2183 jussu,
1513 2104 1771 2191 quotiescunque
1801 2096 1998 2188 conciperet,

460 2211 501 2271 do
517 2210 776 2287 suofaoasulata
787 2206 905 2292 filium
920 2209 1063 2285 tulerat,
1087 2206 1208 2271 altero·
1265 2202 1390 2267 foetum
1417 2204 1570 2289 obigere,
1601 2220 1637 2268 ut
1661 2206 1693 2267 in
1720 2206 1816 2289 hujus
1841 2208 1906 2272 vitu
1931 2209 1999 2270 dixi·

460 2329 522 2389 que
537 2330 625 2371 anno
645 2310 915 2372 consalutaverat
932 2310 1126 2389 Augustam
1265 2324 1349 2371 mus.
1387 2304 1440 2368 Ad
1468 2306 1572 2370 filium
1600 2308 1757 2373 infamem
1784 2323 1820 2371 ut
1845 2324 1998 2385 revertar,

461 2412 660 2490 repudiavit.
688 2411 835 2491 Apparet
859 2429 900 2471 ox
922 2406 1033 2473 vorbis
1057 2408 1206 2471 nonnihil
1266 2428 1341 2470 eum
1366 2422 1571 2491 praematuro
1596 2424 1703 2474 morto
1733 2412 1946 2490 exstinctum,
1973 2426 2000 2475 et

459 2508 603 2593 implexo
623 2508 754 2592 positis,
777 2509 888 2571 locum
910 2506 996 2572 huno
1022 2528 1096 2571 osso
1118 2510 1207 2573 luxu·
1265 2520 1390 2592 upotre
1408 2510 1494 2574 iuter
1511 2509 1603 2577 divos
1621 2516 1777 2591 relatum,
1796 2512 1918 2578 doooot
1937 2536 1999 2578 oum

459 2625 547 2688 tum,
591 2610 679 2697 quod
707 2610 772 2694 jum
807 2629 973 2703 sguovoro
1008 2624 1206 2675 commenta·
1264 2610 1372 2687 numi,
1401 2625 1470 2674 tum
1494 2612 1593 2674 Silius
1617 2615 1746 2681 Italicus
1768 2616 1817 2699 d),
1855 2618 1911 2703 qui
1938 2638 2000 2680 eom

459 2725 560 2776 toros.
600 2709 697 2774 Addo
722 2709 890 2775 historiam
916 2712 1018 2796 ipsum
1042 2711 1117 2777 fieri
1140 2734 1205 2776 um·
1262 2712 1448 2777 Domitiano
1473 2714 1635 2780 coelestes
1661 2718 1807 2782 honores
1835 2719 2001 2804 praedicit,

460 2814 608 2900 bigusm,
638 2827 673 2877 ot
696 2813 846 2877 inductos
868 2813 970 2878 fuisso
995 2814 1206 2882 iu‘iraudem
1265 2813 1332 2878 filio
1362 2815 1459 2898 etism
1483 2831 1605 2880 certam
1624 2820 1658 2880 iu
1674 2819 1818 2905 Olympo
1840 2823 2001 2887 stationem

461 2916 551 2996 uiros
574 2917 722 2981 eximios.
753 2917 835 2980 Nam
860 2915 888 2978 si
912 2916 1013 2982 verbs
1035 2922 1072 2981 ia
1093 2942 1206 2983 sacoa-
1265 2915 1430 3002 adsignat,
1450 2917 1622 2982 nimirum:

460 3023 502 3082 do
524 3041 585 3082 sao
606 3019 785 3082 consolatu
807 3030 974 3081 sumuntur
994 3019 1119 3104 rigido,
1152 3021 1206 3085 hio
1590 3021 1742 3102 solioque
1763 3024 1930 3106 Quirinus

461 3121 640 3184 Domitiuni
673 3119 759 3181 filius
790 3132 883 3181 natus
911 3133 961 3183 est
988 3145 1071 3186 suno
1105 3125 1147 3190 V.
1167 3123 1204 3189 C.
1310 3121 1487 3201 Concutiat,
1510 3125 1718 3204 mediumque
1730 3145 1868 3208 parcns,
1882 3127 2002 3208 froter-

377 3237 389 3261 ’
461 3223 543 3299 oso,
584 3241 649 3305 quo
683 3233 777 3305 puter
807 3220 1011 3285 Domitianus
1045 3227 1207 3308 prooessit
1711 3245 1773 3306 que
1791 3227 1963 3308 locabant,

464 3321 577 3385 consul
599 3324 660 3399 11.‚
691 3322 725 3382 in
752 3341 814 3405 qus
842 3321 996 3404 opinione
1020 3324 1083 3388 fuit
1107 3327 1204 3390 etium
1309 3323 1508 3388 SIDEREI
1529 3325 1631 3405 juxta
1658 3329 1839 3392 radiabunt
1866 3343 2000 3413 tempora

462 3423 694 3487 Tillemontius
716 3422 760 3507 ¹³).
808 3423 853 3485 At
882 3421 968 3486 euim
999 3439 1125 3490 certum
1156 3443 1206 3494 est
1716 3429 1802 3494 nati.

354 3538 364 3556 ‘
462 3529 504 3591 'ox
521 3523 682 3602 Martiali,
709 3545 783 3587 eum
799 3539 908 3588 uotum
928 3546 1000 3589 osso
1020 3539 1108 3608 tum,
1132 3549 1204 3616 oum
1264 3524 1359 3590 Addo
1377 3526 1470 3593 statii
1487 3527 1707 3593 testimouium
1723 3531 1781 3613 τ).

462 3627 666 3692 Domitianus
694 3625 758 3710 jum
790 3641 878 3690 osset
901 3630 1076 3712 Augustus.
1123 3633 1204 3697 Num
1616 3643 1678 3694 tua
1694 3633 1793 3696 turba
1809 3633 1925 3697 relicto

433 3729 510 3794 ''sio
538 3751 614 3794 oum
637 3750 756 3795 rooous
783 3728 816 3792 iu
845 3729 952 3794 lucem
982 3729 1090 3796 datum
1119 3733 1206 3798 odfu-
1307 3731 1454 3796 Lobetur
1492 3731 1602 3810 coelo,
1647 3736 1863 3814 miscebitque
1896 3735 1998 3800 oscula

461 3845 517 3895 tur
538 3839 584 3909 et:
1541 3859 1552 3883 ¹
1720 3839 1833 3916 juxta.

505 3932 652 3999 Nascere
667 3933 844 3996 Dardanio
865 3935 1064 4015 promissum
1089 3959 1205 4018 noman
1308 3933 1376 4000 [lte
1394 3939 1430 3998 in
1450 3934 1623 4017 amplexos
1639 3933 1750 4000 lm
1746 3941 1779 4002 V
1780 3939 1819 4016 S,
1830 3937 1996 4022 fraterque

461 4039 467 4046 ’
962 4034 1054 4114 Iulo,
1180 4103 1189 4122 ,
1451 4105 1458 4110 ,
1723 4051 1897 4122 paterque,

458 4140 464 4146 ’
550 4139 640 4202 Vera
659 4135 916 4212 resuscitatas,
938 4157 1071 4202 nascere
1091 4159 1208 4224 magua
1308 4140 1355 4203 Et
1370 4160 1475 4208 sorar.

960 4260 1054 4323 puer.
1267 4239 1342 4336 Quo
1355 4261 1439 4306 suno
1452 4255 1599 4307 mortuus
1614 4241 1671 4320 sit,
1684 4263 1752 4307 non
1767 4257 1899 4310 constat.
1919 4243 1992 4304 Eum

509 4343 574 4406 cut
581 4351 681 4424 pater
691 4351 846 4402 aeternos
853 4352 931 4422 post
943 4343 1081 4406 saecula
1094 4331 1208 4408 tradat
1264 4343 1356 4406 numi
1376 4343 1532 4410 infantem
1552 4357 1758 4430 proponunt,
1782 4365 1895 4414 verum
1917 4342 1990 4429 quod

718 4457 722 4460 ·
960 4441 1123 4520 habenas,
1260 4439 1298 4509 'oi
1310 4467 1431 4512 nomeu
1447 4447 1564 4526 fuerit,
1586 4446 1799 4512 dissimulant.

459 4583 1989 4612 -—--—-------—---------.---

501 4656 532 4726 ¹)
553 4653 670 4729 0⁸1³·5·
770 4616 1212 4733 b)T0m·ll·¹P²1l·l·1>·¹05‘.
1314 4661 1346 4731 u)
1365 4661 1398 4721 L.
1412 4659 1476 4722 Vll
1491 4661 1583 4738 epigr.
1597 4675 1622 4727 5.
1726 4637 1988 4734 d)1’uuia.'t.111.

464 4745 527 4805 627·
625 4741 945 4817 =)1..1.silv.1.99.
