4267 5500
389 558 461 639 505
1077 536 1246 649 OTHO.

526 712 730 784 1101110.
756 710 939 777 CAESAR.
961 708 1066 779 AVG.
1089 710 1128 777 Ρ.
1185 708 1263 771 dem
1282 704 1480 792 perducere.
1511 709 1614 774 Forte
1633 711 1677 775 ob
1694 712 1834 779 eundem
1849 716 1936 783 isne

522 822 568 884 11.
585 819 655 879 Tit.
671 816 710 880 P.
723 815 810 875 mr.
823 812 861 877 Ρ.
878 811 917 923 Ρ.
945 812 1052 895 Caput
1070 834 1129 874 nu·
1185 831 1314 873 causam
1339 810 1487 872 eruditus
1505 808 1539 875 le
1555 815 1647 877 Besn
1662 819 1858 898 posterioris
1876 821 1938 883 ltu·

527 922 616 985 aum.
946 938 955 957 ¹
1185 911 1237 995 jus
1254 914 1435 975 sententiae
1447 928 1564 978 auctor
1579 930 1753 1003 utrumqne
1769 920 1857 985 hunc
1874 943 1936 984 nu·

381 1024 471 1090 lllP.
482 1025 522 1086 Τ.
535 1020 657 1086 CAES.
671 1016 908 1087 DIV1.VESP.
925 1014 964 1077 F.
980 1012 1082 1082 ΔΥΕ.
1095 1047 1129 1098 7·
1185 1034 1275 1076 mutu
1299 1014 1567 1079 dissimulandum
1594 1015 1685 1080 duxit
1705 1020 1742 1081 in·
1764 1020 1934 1105 locuplete

376 1131 420 1191 'in
439 1127 547 1189 modio
577 1123 611 1187 S.
641 1122 678 1185 C.
701 1120 772 1185 ΑΕ.
792 1120 832 1183 11.
865 1118 965 1200 (Mus.
991 1116 1127 1179 Feraes.
1184 1118 1350 1199 catalogo,
1386 1116 1421 1177 in
1453 1138 1518 1201 quo
1546 1139 1659 1183 omnes
1689 1121 1934 1188 restitutionum

379 1224 732 1307 r0m‚v111.p.317.)
987 1248 991 1256 ·
1111 1251 1116 1261 ·
1183 1237 1300 1280 numos
1321 1218 1437 1281 recitat
1455 1222 1496 1301 ⁸).
1531 1220 1599 1284 Sed
1625 1220 1667 1284 de
1695 1224 1849 1287 similium
1872 1248 1932 1288 nu·

379 1353 383 1359 ·
456 1364 461 1374 ·
517 1326 607 1388 IMP.
650 1320 790 1388 OTHO.
826 1318 1007 1381 CAESAR.
1053 1318 1129 1386 Av-
1185 1340 1314 1383 morum
1349 1333 1464 1384 natura
1490 1324 1598 1406 ample
1632 1324 1758 1405 egimus
1792 1326 1864 1392 Vol.
1885 1327 1928 1394 V.

517 1426 645 1493 GVST.
665 1426 734 1490 Tit.
754 1423 792 1486 Ρ.
813 1423 920 1500 Caput
937 1423 1071 1483 nudum.
1107 1444 1112 1451 ·
1184 1421 1219 1483 iu
1234 1434 1373 1503 mactatu
1395 1421 1438 1485 do
1461 1423 1566 1486 numis
1581 1424 1833 1488 restitutionum.
1871 1428 1933 1493 c.-

379 1530 467 1593 mr.
480 1522 913 1595 T1TVS.AVG.REST11¹.
933 1522 1057 1602 Figura
1069 1522 1129 1581 mi·
1183 1537 1292 1602 terum
1316 1525 1406 1586 numi
1428 1523 1549 1607 prioris
1569 1523 1653 1589 lidos
1676 1545 1717 1590 eo
1743 1527 1839 1590 valde
1862 1549 1934 1593 sut-

378 1634 498 1695 lt'tun's
513 1642 608 1691 stunt
623 1630 654 1690 d.
663 1627 772 1702 elatu,
789 1647 815 1686 s.
827 1623 970 1686 hostum.
995 1622 1074 1687 ’ΔΕ.
1085 1625 1126 1688 11.
1183 1638 1280 1707 pecta
1298 1638 1364 1702 est,
1393 1625 1482 1709 quod
1500 1629 1614 1704 putris
1639 1630 1776 1709 patriae
1797 1630 1931 1695 titulum

378 1730 528 1816 (Moselli
543 1734 645 1813 impp.
660 1728 745 1791 Mus.
765 1725 928 1807 d'Ennery
944 1744 976 1807 p.
986 1724 1078 1804 ὄπι.)
1109 1761 1125 1769 ·-
1181 1724 1343 1809 adjungit,
1369 1747 1468 1811 quem
1487 1726 1537 1790 illi
1554 1748 1695 1812 unquam
1711 1729 1814 1794 luisse
1839 1731 1932 1797 dels-

371 1852 373 1857 ’
441 1832 540 1897 Prior
552 1851 669 1901 numus
679 1849 745 1901 non
754 1826 1022 1892 modoPedrusio
1031 1844 1125 1907 prse-
1181 1839 1266 1902 tum,
1285 1828 1413 1891 nullum
1429 1829 1828 1895 habentustestimonium.

377 1935 470 2013 coni,
501 1932 561 1998 sed
580 1932 681 1997 etism
705 1930 854 1995 omuibus
872 1929 996 2012 primae
1019 1926 1123 1993 famae
1244 1930 1579 1995 Animadvertendum
1605 1930 1764 2016 denique,
1798 1949 1930 2001 exstet-e

374 2042 411 2102 in
432 2034 516 2101 urbe
538 2033 744 2119 untiqusriis,
784 2051 922 2116 quorum
950 2030 978 2095 is
1005 2028 1125 2093 exami-
1180 2053 1299 2117 parcos
1331 2053 1452 2097 aeneos
1475 2032 1617 2099 Othonis
1639 2054 1715 2097 cum
1743 2036 1929 2123 inscriptio·

369 2140 411 2204 'ni
426 2157 559 2202 numum
576 2136 682 2219 ipsum
702 2132 854 2217 subjecit,
884 2133 1030 2195 sincerae
1045 2152 1125 2195 csse
1180 2133 1275 2197 nibus
1293 2147 1328 2198 et
1348 2134 1451 2219 typis,
1478 2135 1591 2218 qusles
1610 2136 1761 2202 inaures
1781 2140 1870 2223 ejus,
1892 2156 1940 2205 et·

367 2239 570 2325 ‘antiquitatis
585 2237 674 2303 risus
693 2249 753 2299 est.
781 2236 896 2318 Neque
909 2234 1005 2297 aliter
1021 2235 1122 2296 sensit
1180 2250 1337 2319 argentes
1372 2250 1504 2299 mosotu
1541 2250 1744 2320 spectantur,
1785 2262 1927 2325 quorum

373 2340 607 2409 Mediobsrbus
641 2334 792 2415 ἆυτοπτης
825 2337 861 2399 in
890 2349 969 2401 noto
1000 2335 1041 2400 ad
1064 2357 1122 2397 nu·
1177 2337 1353 2402 nonnullos
1388 2335 1534 2401 laudetur
1558 2334 1743 2403 Chililetius
1769 2341 1929 2408 describit

372 2467 444 2511 snos
469 2440 611 2508 Othonis
638 2439 778 2523 cstalogi
801 2438 851 2501 ssi
869 2459 943 2523 pag.
962 2437 1032 2503 rod.
1075 2438 1121 2499 Hi
1177 2439 1211 2501 in
1229 2437 1456 2503 dissertatione
1479 2439 1574 2503 citats
1595 2436 1639 2523 ¹³).
1677 2441 1739 2519 Hi,
1775 2458 1849 2509 ntut
1869 2468 1927 2531 ge·

372 2546 480 2624 numi,
512 2545 541 2608 si
569 2561 650 2608 vere
678 2554 768 2617 sunt,
805 2553 841 2603 ut
867 2538 1032 2616 creditur,
1064 2560 1121 2600 an·
1177 2540 1287 2618 nuini,
1325 2561 1459 2605 aeneam
1491 2539 1633 2605 Othonis
1662 2558 1827 2609 monetam
1855 2569 1925 2611 non

372 2648 473 2734 tiqui,
502 2646 640 2708 multum
670 2641 839 2706 molestiae
866 2640 1032 2705 facessunt
1060 2641 1119 2722 iis,
1179 2642 1361 2722 stabiliunt,
1382 2665 1498 2708 verum
1514 2655 1603 2720 sunt,
1630 2656 1667 2705 ut
1682 2644 1834 2711 viridem
1852 2668 1928 2713 eru·

373 2753 569 2837 inquorum
593 2744 754 2810 sententia
777 2742 971 2809 vocabulum
993 2742 1122 2806 REST.
1180 2745 1265 2810 ditus
1284 2745 1348 2830 jans
1366 2743 1508 2821 monuit,
1527 2744 1928 2826 animsesulsaerstornm,

373 2855 408 2915 in
425 2851 495 2936 ejus
510 2851 640 2935 generis
654 2847 761 2910 numis
779 2868 913 2910 numum
928 2849 1122 2908 restitutum
1180 2868 1263 2933 quae
1290 2862 1478 2932 argenteam
1501 2841 1687 2931 pelliculam
1703 2849 1835 2931 penitus
1850 2853 1930 2914 ami-

371 2967 483 3033 notst3
522 2973 596 3016 nrm
626 2949 702 3012 inde
731 2963 786 3013 sut
816 2961 1037 3032 consequetur
1066 2968 1124 3010 ue-
1180 2969 1273 3027 scre,
1295 2951 1408 3034 quales
1431 2949 1583 3033 copiosos
1599 2947 1633 3010 in
1649 2963 1765 3016 vetere
1784 2967 1928 3030 moneta,

367 3053 540 3131 cessario,
564 3053 727 3116 exstitisse
744 3071 877 3115 senem
894 3050 1036 3114 Othonis
1055 3069 1124 3112 mo-
1181 3062 1215 3113 et
1236 3049 1357 3134 passim
1377 3050 1411 3112 in
1433 3052 1666 3140 imperatorum
1697 3051 1805 3116 numis
1827 3053 1930 3120 habs·

374 3168 508 3229 ustam,
534 3151 715 3216 secundnm
744 3152 835 3234 cujus
868 3152 1038 3233 exemplar
1067 3150 1124 3211 Τί·
1179 3147 1288 3238 mus(

373 3268 426 3318 tos
441 3265 633 3337 praesentes
651 3271 767 3314 numos
789 3250 959 3313 ierinudos
980 3252 1121 3328 curarit,

373 3371 409 3420 et
441 3368 509 3418 tum
530 3353 687 3417 fallentur
716 3351 757 3428 ii,
789 3351 859 3435 qni,
889 3362 924 3412 nt
949 3349 1033 3428 disi,
1062 3372 1120 3414 ne·
1232 3363 1239 3376 ·
1358 3337 1739 3402 Numlrsstlltull'onum·

372 3457 805 3542 gant,1Romae·sencsm
836 3452 976 3516 Othonis
1008 3472 1120 3516 mons-
1239 3455 1344 3533 Vide,
1379 3477 1462 3543 quse
1491 3456 1533 3522 de
1556 3456 1609 3522 his
1631 3459 1788 3523 continuo
1816 3460 1926 3536 altius.

370 3573 436 3622 tum
464 3558 565 3622 icisse
594 3558 772 3642 signatam,
802 3566 857 3617 snt
885 3572 1023 3616 neccsse
1053 3554 1118 3615 erit
1175 3575 1245 3626 tunt
1276 3573 1312 3624 et
1330 3559 1365 3622 in
1385 3572 1523 3626 tructatu
1544 3559 1587 3626 de
1608 3559 1660 3623 his
1680 3562 1788 3626 cumis
1810 3562 1927 3627 obser·

372 3659 541 3736 confiteri,
564 3659 692 3735 Titum,
726 3657 872 3740 aliosque
893 3655 927 3715 in
945 3654 1118 3718 restituen-
1176 3662 1331 3729 mimus.

369 3763 420 3826 dis
451 3761 557 3826 numis
591 3781 656 3824 non
687 3779 820 3844 semper
854 3770 975 3820 certam
1007 3757 1118 3842 legem

365 3863 630 3928 ¹inisse-secutos.
653 3863 779 3931 Verum
795 3860 819 3922 ii
832 3879 977 3945 quoqne,
997 3859 1052 3944 qui
1062 3880 1118 3924 vo-
1304 3843 1406 3910 Numl
1421 3850 1595 3911 commum
1605 3852 1786 3932 Peregrini·

367 3964 522 4031 sabulum
546 3965 674 4026 REST.
694 3963 736 4026 ud
761 3961 909 4026 restitute
931 3981 1031 4043 opera
1060 3982 1116 4044 pu·
1236 3964 1341 4032 Taciti
1350 3965 1450 4033 verbs
1461 3980 1535 4032 sunt
1550 3966 1603 4050 s):'
1620 3952 1839 4056 longinquae
1844 3991 1923 4056 pm.

361 4068 457 4132 istics
479 4064 647 4142 referunt,
675 4085 742 4126 uon
768 4084 883 4148 perum
902 4061 1115 4140 laborabunt,
1171 4068 1313 4146 vineias,
1333 4081 1369 4130 st
1381 4071 1541 4149 quidquid
1553 4089 1721 4144 censorum
1734 4077 1824 4136 meri
1840 4075 1924 4136 diri·

370 4191 445 4235 cum
476 4166 633 4252 expedire
669 4181 736 4229 eos*
755 4159 907 4248 jusseris,
942 4162 1116 4248 qualenam
1171 4171 1292 4246 mitur,
1315 4190 1417 4252 penes
1444 4170 1605 4233 Othonem
1628 4173 1824 4250 manebant,
1854 4195 1923 4238 non

365 4293 450 4357 opus
467 4270 633 4356 publicum
643 4265 731 4330 Otho
746 4266 830 4332 iutra
843 4265 996 4348 exignum
1012 4266 1111 4329 trium
1166 4272 1317 4354 partiunt
1329 4273 1452 4347 studio,
1470 4273 1530 4334 sed
1545 4285 1619 4334 erut
1630 4274 1760 4355 grande
1776 4296 1924 4338 momen·

246 4421 256 4432 .
362 4376 527 4440 mensium
550 4370 703 4455 spatium,
727 4381 823 4452 utque
841 4366 928 4430 istud
951 4367 1014 4450 jam
1032 4367 1111 4434 inde
1170 4384 1241 4436 tum
1255 4376 1437 4436 innomine
1452 4373 1555 4448 urbis,
1578 4390 1619 4435 nc
1631 4385 1813 4456 praetextu
1827 4397 1924 4440 seno·

368 4475 568 4561 sprincipio
602 4471 731 4536 bellicis
767 4468 908 4532 motibus
943 4467 1111 4548 turbidum
1152 4484 1233 4549 ,tun
1248 4475 1752 4556 stceeupeverutanimosprior
1769 4479 1920 4541 cuditur.

368 4578 512 4661 potuerit
540 4575 733 4660 concipere,
769 4571 892 4636 nedum
917 4569 958 4635 sd
982 4571 1111 4635 coroni·
1167 4573 1535 4637 luduieumeaeercitum
1546 4576 1784 4657 Vespasianus,
1798 4577 1921 4659 Syrios

404 4791 435 4858 a)
456 4787 541 4844 Mers.
557 4787 589 4844 B.
603 4787 636 4842 1..
653 4786 738 4843 Tum.
749 4783 853 4848 mv.
926 4784 963 4856 is)
983 4783 1124 4861 capvt„
1186 4785 1221 4856 c)
1240 4783 1315 4842 illst.
1325 4785 1348 4842 1.
1359 4787 1403 4848 76.
