4267 5500
750 566 801 643 u.
833 570 1129 648 nnvrvs..
1238 563 1255 597 ²
1646 598 1690 664 21

136 734 323 816 imaginem
342 736 495 818 quotidie
514 737 656 816 uideret,
681 737 770 810 ulter
786 741 890 823 (Man-
946 741 1057 806 Tullio
1082 757 1197 809 nostro
1220 745 1383 814 Cicerone
1409 749 1493 812 nihil
1519 765 1691 816 commone

138 837 211 920 cus)
228 839 335 901 etiem
351 839 517 904 Ahalae?
542 839 642 903 Plura
664 841 759 926 bnjus
781 855 890 906 orato·
944 857 1079 928 praeter
1098 867 1219 910 nomen
1239 849 1311 917 fuit.
1343 849 1410 914 Sed
1431 865 1466 917 et
1487 853 1692 919 adeundam

138 938 186 1001 ris
201 939 389 1004 testimonia
407 941 499 1006 idom
518 939 689 1024 probantia
712 942 832 1010 videsis
853 942 887 1006 in
944 946 1078 1010 modum
1092 949 1210 1013 Festus
1225 949 1275 1034 ij:
1297 951 1444 1019 Gentilis
1458 957 1585 1020 dicitur
1599 966 1634 1019 et
1647 951 1703 1020 ex⁴

138 1043 384 1108 commentaris
414 1043 634 1137 Haremampi
666 1043 708 1108 ad
739 1044 887 1110 Morellii
943 1052 1055 1112 eodem
1071 1070 1191 1135 genere
1207 1066 1317 1131 ortus,
1333 1067 1367 1118 et
1380 1058 1426 1132 is,
1443 1059 1502 1137 qui
1513 1057 1620 1120 simili
1635 1079 1694 1120 no·

138 1143 279 1210 familias
308 1160 382 1231 pig.
401 1165 474 1212 cuo.
517 1147 608 1210 Haec
639 1162 789 1227 veteres,
821 1169 886 1235 qno
944 1153 1033 1212 rnine
1050 1153 1255 1235 appelletur,
1282 1169 1318 1218 ut
1338 1160 1389 1220 uit
1408 1157 1561 1220 Cincius:
1579 1161 1691 1241 genti·

137 1250 172 1314 in
196 1249 332 1314 dissidio
354 1249 462 1332 potius
483 1247 644 1324 adducor,
674 1262 710 1312 ut
736 1250 906 1330 credam,
944 1251 994 1314 les
1008 1254 1093 1314 milri
1106 1270 1199 1332 sunt,
1217 1259 1360 1335 quirnea
1375 1252 1507 1319 nomine
1523 1259 1692 1341 appellun-

138 1350 292 1418 adfictam
311 1373 384 1417 eam
403 1351 505 1415 fuisse
524 1349 704 1436 originem,
728 1367 805 1444 nota
825 1353 886 1418 illo
934 1363 1009 1438 ¹tur.
1033 1351 1145 1448 Quare
1162 1353 1219 1440 tini
1235 1349 1368 1439 gentilis
1386 1357 1449 1418 fuit
1462 1358 1613 1437 nomine,
1633 1379 1691 1443 po-
1764 1388 1766 1391 ’

140 1477 223 1520 sero
251 1455 421 1520 hominum
447 1453 587 1521 vanitate
616 1467 759 1520 vetustas
789 1455 887 1542 origi·
943 1454 1006 1528 tuit
1020 1455 1118 1520 facile
1134 1455 1339 1541 cupientibus
1355 1456 1459 1522 videri
1475 1459 1606 1543 gentilis
1619 1482 1689 1524 san·
1726 1482 1728 1485 ·

137 1551 434 1636 nes-'venantium
463 1578 602 1644 quorum
624 1557 755 1642 copiosa
777 1579 887 1622 exem·
944 1555 1042 1641 guine
1069 1579 1212 1643 qnoque.
1243 1558 1310 1652 Qui
1331 1560 1480 1644 Dionysii
1504 1560 1689 1626 auctoritati

138 1661 193 1745 pla
222 1660 286 1744 ipsi
312 1659 404 1724 numi
433 1679 474 1724 ex
501 1660 704 1746 Calpurniis,
736 1660 885 1740 Marciis,

136 1762 329 1847 Pomponiis
347 1761 573 1848 suppeditant,
598 1777 635 1827 nt
652 1777 776 1828 taceam
795 1762 886 1828 iabu-

136 1866 208 1928 losa
223 1863 393 1940 Iuliorum,
409 1865 639 1944 Antoniorum,
653 1866 884 1944 Mamiliornm,
907 1889 909 1893 ·

135 1969 163 2030 F
165 1968 327 2031 abiornm.
364 1965 462 2059 Quod
485 1967 591 2052 ipsum
612 1981 810 2058 conquestus
830 1968 885 2030 Li·

133 2071 207 2134 vius
232 2073 408 2146 uitiatum,
436 2067 481 2132 ait
505 2075 553 2153 e),
576 2075 768 2134 memoriam
781 2072 885 2154 sune·

132 2171 433 2236 tribulantibus
457 2193 546 2247 reor,
568 2173 740 2256 falsisque
765 2174 885 2254 imagi·

132 2297 212 2338 num
228 2273 360 2351 titulis,
378 2275 607 2356 dumscmils'u
625 2276 720 2336 adse
737 2293 884 2354 quosque

127 2381 262 2462 firmum
294 2397 404 2438 rerum
432 2387 622 2458 gestorum,
658 2375 883 2454 bonorumque

122 2479 274 2565 saliente
291 2478 463 2541 mendacio
481 2475 631 2541 trabunt.
652 2477 734 2540 inde
749 2487 834 2538 certe
848 2487 883 2538 et

130 2579 346 2663 singulorum
355 2591 464 2660 gestu,
475 2590 510 2639 et
518 2579 656 2659 publicu
670 2587 882 2640 monumenta

130 2701 239 2744 rerum
260 2685 414 2766 confuso.
438 2681 512 2742 Huc
529 2679 638 2758 refer,
660 2700 743 2765 quoe
761 2677 828 2740 dixi
845 2677 881 2740 in

128 2783 383 2868 Prolegoruenis
398 2782 439 2846 ad
452 2802 570 2847 numos
584 2781 789 2846 familiarium
807 2801 879 2865 cap.

128 2888 202 2953 111.
235 2886 372 2951 Fecerit
396 2907 475 2950 tero
495 2886 673 2949 similitudo
695 2880 879 2961 nominum,

133 3003 167 3051 et
185 2988 265 3053 facti
289 3010 349 3052 sen
370 2987 563 3067 desiderati,
593 3008 653 3051 sen
680 2984 800 3049 deinde
826 3007 880 3071 pa·

132 3093 224 3169 trsti,
254 3104 292 3155 ut
319 3090 548 3175 cognationem
575 3090 657 3154 banc
684 3110 796 3154 reram
825 3106 880 3152 cu·

132 3205 269 3277 perent,
298 3191 416 3277 quibus
444 3206 514 3257 tum
541 3213 655 3257 rorum
683 3203 783 3253 status
812 3210 879 3253 non

101 3292 107 3303 ’
133 3294 263 3372 adrisit,
304 3296 458 3379 qnoniam
493 3296 537 3359 ita
570 3315 680 3358 sumas
712 3314 730 3356 a
764 3305 878 3355 natura

943 1659 1166 1744 conjecturam
1192 1675 1379 1744 opponunt,
1409 1663 1612 1746 posteriores
1638 1667 1688 1728 lu·

942 1761 1015 1825 nios
1036 1785 1054 1825 a
1075 1761 1219 1847 patriciis
1245 1760 1286 1824 ad
1309 1763 1459 1846 plebeios
1482 1763 1687 1842 transitione,

943 1862 1102 1947 effugium
1122 1876 1158 1926 nt
1177 1862 1375 1948 quaesitum,
1399 1866 1447 1929 sic
1464 1867 1687 1930 mortuarium
1815 1858 1830 1915 .'

941 1964 1036 2028 nobis
1051 1977 1193 2030 tramant.
1221 1967 1294 2027 Non
1314 1965 1526 2048 injucundum
1547 1966 1686 2030 animad-

941 2081 1094 2145 vertere,
1131 2065 1269 2130 eandem
1303 2067 1446 2130 fabulam
1475 2067 1540 2151 jam
1570 2068 1685 2152 primis

941 2169 1025 2252 reip.
1047 2168 1249 2251 temporibus
1271 2182 1374 2231 actam
1392 2192 1410 2233 a
1425 2169 1565 2255 quodam
1580 2172 1619 2236 L.
1635 2174 1686 2235 lu·

940 2273 996 2334 nio
1012 2271 1156 2355 plebeio,
1176 2291 1213 2333 ae
1231 2269 1380 2354 ignobili,
1398 2271 1454 2356 qui
1469 2285 1504 2335 nt
1518 2272 1634 2357 populi
1651 2273 1685 2335 in

940 2387 1086 2436 montem
1103 2393 1230 2435 sacrum
1244 2372 1429 2437 recedentia
1443 2375 1617 2441 adversum
1630 2397 1686 2460 pt·

939 2489 1009 2539 tres
1043 2475 1108 2538 iras
1146 2471 1312 2540 efficacius
1347 2491 1460 2560 posset
1494 2475 1707 2556 intendere,-

939 2578 1043 2640 Bruti
1057 2576 1120 2639 sibi
1134 2597 1318 2662 cognomen
1332 2577 1458 2657 indidit,
1473 2579 1598 2662 primus
1611 2578 1685 2641 sub·

939 2678 1015 2742 indo
1033 2679 1180 2743 tribunus
1198 2680 1303 2764 plebis
1320 2694 1447 2748 creatus
1465 2683 1504 2763 e).
1527 2681 1618 2745 Haec
1635 2696 1685 2744 nt·

937 2802 1078 2867 cumque
1096 2797 1211 2863 erunt,
1232 2783 1292 2847 hac
1308 2784 1426 2846 lidocia
1443 2804 1508 2845 non
1525 2782 1682 2849 destitere

937 2885 1032 2949 multi
1048 2884 1153 2948 missis
1170 2886 1204 2948 in
1219 2885 1335 2971 vulgus
1351 2870 1473 2948 libellis
1486 2888 1625 2948 Brutum
1642 2886 1684 2948 ad
1735 2878 1740 2888 ’

937 2989 1021 3053 avita
1039 2988 1123 3051 iacta
1142 2988 1277 3051 hortari.
1306 2990 1451 3053 Etsvoro
1473 2987 1559 3050 cirea
1577 2985 1684 3049 'tribu-

936 3090 991 3152 nal
1009 3092 1053 3151 Μ,
1066 3090 1163 3152 Bruti
1177 3092 1267 3170 (nam
1283 3103 1467 3173 praeturam
1481 3089 1556 3171 ipso
1573 3088 1682 3152 caedis

935 3212 1021 3253 anuo
1040 3188 1191 3273 gerebat)
1207 3206 1360 3275 repertae
1376 3190 1491 3254 literae
1508 3189 1573 3252 hoc
1587 3211 1683 3273 argu·

936 3308 1065 3357 mentor
1088 3296 1228 3371 dormis,
1247 3291 1374 3355 Brute!
1389 3304 1441 3355 et:
1464 3312 1531 3357 non
1546 3314 1582 3353 es
1597 3292 1682 3353 Bru·

132 3398 328 3485 comparati,
368 3411 421 3476 nt,
458 3398 546 3481 qnod
573 3396 740 3472 volumus,
776 3395 878 3459 liben-
937 3408 992 3459 tus
1012 3392 1049 3480 ί).
1072 3397 1157 3461 Sane
1173 3396 1293 3459 tollere
1306 3396 1596 3479 regesBrutorum
1609 3400 1682 3477 pro·

131 3516 184 3565 ter
208 3500 392 3568 credamus.
430 3500 569 3564 duxerit
596 3498 877 3582 superstitionem,
934 3498 1043 3583 prium
1074 3514 1124 3563 ost
1152 3498 1313 3588 babilam
1347 3497 1433 3561 unde
1462 3496 1681 3580 jocus-Persii
1756 3558 1759 3565 ,

132 3604 221 3689 quod
241 3604 390 3687 gentiles
410 3623 478 3665 non
500 3602 598 3666 modo
620 3600 819 3667 vocabantur
839 3598 877 3677 ii,
935 3599 1022 3685 apud
1040 3602 1212 3665 Horatium
1234 3620 1344 3664 coram
1365 3612 1518 3683 praetore
1537 3601 1582 3664 ld.
1599 3600 1681 3661 Brn⁴

133 3708 252 3791 quiex
274 3706 390 3769 eadem
412 3718 512 3789 gente
533 3703 647 3781 inere,
676 3702 736 3767 sed
763 3702 880 3779 etiam,
934 3716 986 3781 to,
1007 3704 1063 3788 qui
1081 3717 1240 3789 tum-post
1255 3701 1402 3765 Caesaris
1417 3719 1534 3763 necem
1549 3699 1583 3760 in
1600 3699 1679 3767 Asin

133 3809 189 3892 qni
216 3806 335 3874 eodem
360 3822 484 3871 tantum
505 3807 649 3877 nominet
687 3794 806 3871 Cicero
826 3802 876 3889 ¹³)t
934 3808 1142 3885 versabatur,
1164 3806 1211 3870 sic
1225 3802 1443 3889 in-llcpilium
1459 3814 1679 3887 cognomento

139 3911 290 3975 Gentiles
307 3925 403 3989 sunt,
423 3913 484 3990 qui
501 3914 590 3973 inter
610 3930 646 3971 se
667 3910 778 3972 eodem
799 3918 879 3970 sunt
934 3910 1063 3995 Regem
1083 3909 1204 3977 invecti
1221 3914 1269 3991 8)=

134 4015 389 4077 nomine.‘1ure
411 4011 605 4076 adonidem
628 4010 708 4074 dixit
729 4008 806 4073 alibi
828 4011 875 4092 ο)ι

134 4118 334 4199 Pherecydes
356 4116 477 4199 Syrius
499 4118 643 4197 primum
665 4116 774 4191 dixit,
806 4114 878 4174 orti·

133 4238 202 4283 usos
227 4218 399 4283 bominum
428 4238 499 4281 esse
514 4208 761 4299 'sempiternom
791 4215 879 4277 anti·

134 4340 216 4399 quate
228 4340 320 4398 sone,
335 4323 422 4383 vixit
438 4323 525 4381 enim
542 4338 612 4380 meo
628 4330 786 4400 regnante
796 4336 877 4399 gen·

135 4424 198 4499 tili,
211 4442 329 4507 nempe
345 4421 463 4485 Servio
475 4420 598 4497 Tullio,
612 4420 667 4482 cui
681 4432 878 4482 tamencum

1150 4016 1214 4075 Per
1230 4026 1386 4093 magnos,
1408 4009 1540 4086 Brute,·
1550 4009 1629 4070 deos
1646 4018 1680 4070 te

1002 4114 1087 4192 Orc,
1104 4117 1162 4195 qui
1174 4132 1271 4197 reges
1288 4114 1458 4176 consueris
1474 4111 1604 4188 tollere,
1620 4128 1679 4172 cut

1528 4231 1595 4273 non

997 4316 1098 4379 Hunc
1121 4316 1241 4398 Regem
1257 4315 1420 4397 jugulus?
1448 4314 1591 4394 Operum
1615 4312 1678 4373 boc

1148 4414 1233 4480 milti
1251 4419 1359 4493 crede,
1383 4427 1512 4478 tuorum
1530 4424 1592 4474 est.

143 4548 1681 4587 *Μαι-..Μ
1788 4582 1792 4589 ,

167 4662 197 4733 a)
214 4658 445 4721 elimato
546 4657 582 4731 b)
600 4657 631 4713 in
646 4657 752 4733 Topic.
769 4674 794 4713 o.
810 4657 838 4720 6.
908 4655 970 4725 ὀ)
990 4650 1111 4711 Tuscul.
1129 4651 1207 4729 disp.
1223 4652 1336 4713 nte.
1352 4652 1394 4739 ¹⁶3
1494 4648 1529 4725 d)
1548 4648 1580 4719 in
1595 4646 1674 4705 Geu-

136 4746 198 4903 pllrzs.
288 4750 324 4918 g
340 4745 552 4899 {hfigsstnqal'
568 4746 601 4805 L.
615 4744 668 4809 Vl.
691 4759 773 4811 cto.
871 4741 900 4821 i)
919 4746 976 4803 Dio
990 4744 1023 4801 L.
1037 4742 1137 4802 xilv.
1153 4745 1177 4818 l.
1188 4757 1238 4863 ¹²⁶,
1255 4741 1374 4819 Appiou
1387 4736 1461 4834 Bell.
1474 4741 1530 4800 civ.
1545 4742 1576 4800 L.
1591 4742 1626 4800 11.
1649 4763 1676 4802 c.
1791 4849 1793 4852 Ι
