4267 5500
284 607 416 729 ’.Ν
571 598 576 605 ’
924 596 1407 675 PRAEFATIO.

377 793 468 893 Qua
488 759 567 863 illa
597 755 722 897 laude
751 774 1089 889 praecedentium
1113 801 1358 888 regnorum,
1388 773 1466 856 etsi
1494 773 1814 861 clarissimorum
1846 792 1959 862 mo:

377 932 516 1001 netem
546 918 668 1029 longe
692 926 885 1026 superat,
917 940 1024 1024 quae
1047 911 1120 995 vix
1146 912 1230 995 ullo
1261 910 1314 992 ad
1340 909 1554 995 historiam
1576 909 1761 997 subsidio
1782 881 1933 999 eodem

379 1056 465 1137 sere
489 1066 652 1138 tantum
680 1062 924 1163 argumento
952 1060 1196 1158 occupatur,
1225 1047 1283 1128 sic
1311 1061 1359 1129 ut
1389 1062 1610 1161 conspecto
1634 1078 1719 1134 uno
1749 1050 1936 1163 ejusdem

320 1260 329 1283 ,
378 1192 485 1303 regis
509 1217 635 1273 numo
661 1202 704 1271 te
730 1191 818 1297 ejus
850 1212 991 1265 omnes
1017 1181 1170 1265 vidisse
1194 1183 1323 1293 possis
1358 1184 1558 1268 arbitrari.
1585 1178 1756 1277 ‘Confer
1788 1216 1936 1272 numos

381 1324 559 1437 Philippi
575 1326 641 1429 ll.,
675 1320 893 1403 Alexandri
912 1318 992 1419 M,
1014 1318 1640 1428 Ptolemaeorumtysimachi,
1669 1322 1938 1438 aliorumque.

381 1468 572 1547 Aetatem
595 1485 695 1545 vero
722 1455 966 1562 numorurri,
996 1453 1074 1537 etsi
1101 1482 1186 1539 non
1210 1481 1373 1566 semper
1392 1454 1529 1566 ipsum
1551 1483 1708 1541 annum
1735 1475 1938 1569 tenemus,

381 1599 440 1683 sic
468 1611 609 1682 tamen
634 1594 835 1677 habemus
864 1590 1094 1698 delinitam,
1123 1604 1172 1675 ut
1195 1591 1297 1675 certi
1330 1620 1420 1674 esse
1443 1592 1675 1704 possimus,
1704 1624 1850 1680 eorum
1869 1628 1942 1683 na-

380 1738 483 1822 tales
514 1729 764 1817 coercendos
786 1730 897 1819 intra
923 1743 1115 1839 tempuS,
1143 1756 1224 1840 quo
1244 1727 1279 1810 is
1311 1727 1485 1839 imperio
1516 1730 1715 1841 praefuit,
1745 1734 1863 1847 cujus
1895 1736 1942 1817 in

382 1874 434 1957 iis
458 1873 593 1983 imago
623 1868 858 1951 exhibetur.
888 1864 970 1951 Sed
990 1878 1032 1949 et
1044 1862 1161 1946 istud
1184 1862 1344 1974 animo,
1374 1864 1447 1977 qui
1463 1866 1613 1954 veteris
1634 1866 1731 1951 'aevi
1749 1868 1944 1955 recorda·
2042 1913 2046 1917 ·

383 1982 496 2094 tione
523 2003 706 2125 suaviter
735 2001 945 2109 adficitur,
973 2031 1057 2084 non
1083 2000 1298 2112 ndgarem
1333 2000 1458 2085 dehet
1474 2001 1646 2085 adferre
1660 2006 1943 2118 voluptatem,

386 2146 498 2260 quod
528 2142 633 2225 haec
662 2138 897 2252 principum
917 2140 1196 2225 Romanorum
1221 2137 1347 2222 series
1376 2137 1476 2222 inde
1505 2138 1650 2223 alulio
1668 2142 1846 2227 Caesare
1873 2172 1944 2227 us-

386 2310 467 2397 que
502 2280 555 2364 ad
584 2290 840 2392 postremum
872 2273 1191 2387 Constantinum
1214 2300 1289 2384 per
1318 2276 1485 2359 saecula
1511 2276 1680 2361 omnino
1704 2276 1788 2403 ΧΥ.
1813 2279 1944 2393 porri-

385 2419 516 2533 gitur,
545 2428 588 2501 et
617 2413 876 2527 singulorum
906 2414 1026 2496 offert
1049 2409 1275 2523 imagines,
1302 2425 1344 2496 et
1363 2410 1453 2524 ipsa
1478 2414 1608 2499 oculis
1634 2414 1778 2525 fidele,
1807 2416 1945 2501 incor-

388 2567 644 2666 ruptumque
677 2549 962 2639 testimonium
993 2548 1136 2661 objicit
1169 2548 1342 2630 maximi
1377 2549 1477 2635 olim
1504 2579 1579 2662 per
1608 2553 1753 2637 orbem
1782 2552 1946 2664 imperii

388 2690 601 2804 paullatim
625 2692 735 2777 mole
755 2717 829 2774 sua
848 2683 1073 2772 laborantis
1100 2682 1435 2798 deficientisque,
1466 2716 1515 2771 ac
1543 2688 1721 2804 denique
1744 2689 1789 2774 in
1812 2702 1947 2792 extre-

391 2857 504 2912 mam
533 2829 789 2936 barbariem,
817 2824 998 2937 artisque
1016 2821 1171 2908 ‚veteris
1184 2821 1441 2907 oblivionem
1469 2826 1658 2938 prolapsi.

384 3066 387 3074 γ
475 2967 610 3076 Atque
634 2966 740 3049 haec
758 2978 845 3048 tam
863 2974 1001 3068 vasta,
1029 2972 1119 3043 tam
1147 2957 1230 3040 late
1255 2972 1399 3070 patens
1419 2975 1613 3046 monetae
1634 2964 1785 3048 veteris
1806 2961 1944 3078 classis

392 3091 488 3187 cum
509 3131 593 3184 non
617 3101 741 3185 modo
758 3091 1006 3212 philologiae
1028 3093 1173 3178 studiis
1193 3095 1442 3207 amplissima
1461 3097 1620 3184 adferat
1640 3099 1847 3207 subsidia,
1875 3099 1949 3182 sed

392 3236 519 3322 etiam
548 3235 800 3349 antiquitatis
834 3225 1068 3343 cognitione
1102 3230 1279 3317 delectet
1309 3233 1516 3342 animum,
1545 3233 1787 3318 incredibile
1819 3233 1947 3342 dictu,

395 3387 550 3487 quanta
579 3359 804 3484 cupiditate
828 3367 928 3452 inde
961 3368 1167 3452 arcuatis
1197 3368 1326 3453 literis
1358 3399 1442 3453 non
1470 3367 1679 3482 principes
1699 3368 1847 3478 modo,
1875 3371 1951 3454 sed

394 3509 543 3622 privati
575 3535 754 3622 quoque·
770 3503 1055 3618 comparandis
1084 3503 1150 3588 his
1172 3506 1381 3590 Romanae
1402 3505 1617 3599 vetustatis
1646 3508 1828 3622 reliquiis
1850 3537 1948 3620 ope-

398 3629 510 3754 ram,
539 3659 812 3758 sumptusque
831 3641 1131 3756 impenderint,
1162 3655 1204 3725 et
1227 3641 1339 3756 quod
1359 3627 1492 3756 magis
1514 3642 1690 3752 mirum,
1717 3644 1792 3728 vix
1814 3644 1951 3728 immi-

397 3798 499 3869 nuto
527 3813 548 3865 a
579 3795 642 3866 tot
667 3781 751 3896 jam
781 3779 955 3864 saeculis
983 3778 1028 3861 in
1053 3777 1303 3863 hodiernum
1334 3808 1468 3893 usque
1493 3779 1605 3862 diem
1625 3778 1850 3865 adversum
1882 3806 1950 3864 eas

398 3895 575 4004 adfectu.
606 3920 764 4002 Horum
785 3901 1083 4028 honestissimis
1113 3915 1279 4024 studiis,
1302 3930 1428 4030 atque
1458 3916 1662 4002 indefesso
1687 3919 1858 4003 conatui
1881 3917 1952 4001 de·

391 4062 547 4162 ‚bemus
582 4057 830 4168 locupletes„
860 4067 917 4158 et·
936 4053 1114 4138 illustres
1139 4052 1266 4138 series
1280 4053 1348 4168 ¹ab
1381 4081 1432 4137 eo
1461 4067 1649 4170 ternpore
1676 4054 1881 4168 cognitas,
1910 4069 1953 4137 et

399 4199 445 4282 in
464 4196 677 4282 literarum
703 4193 959 4304 incrementa
982 4218 1082 4273 cum
1101 4191 1202 4273 orbe
1224 4189 1388 4274 erudito
1407 4189 1756 4306 communicatas,
1787 4219 1840 4275 ex
1862 4190 1954 4312 qui-

396 4337 479 4421 bus
504 4363 599 4439 eas,
627 4358 734 4442 quae
749 4327 990 4414 ‘illustrioris
1005 4315 1114 4411 ‘sunt
1139 4354 1213 4438 per
1230 4327 1446 4439 Europam
1471 4330 1629 4428 famae,
1661 4327 1761 4412 alihi
1784 4358 1955 4414 enume-
2087 4351 2110 4374 ⁸

402 4471 492 4576 ravi
510 4462 556 4574 ³).
583 4465 805 4553 Praeclaris
824 4463 889 4549 his
910 4462 1082 4547 cimeliis
1104 4464 1396 4576 conquirendis
1415 4465 1720 4580 inserendisque
1741 4495 1838 4550 curn
1858 4493 1954 4549 snas

402 4606 481 4692 viri
509 4605 623 4688 beati
648 4619 784 4717 partes
822 4600 987 4687 abunde
1021 4598 1322 4712 implevissent,
1358 4591 1557 4714 nolebant
1591 4601 1676 4687 suis
1706 4602 1851 4688 deesse
1875 4600 1957 4685 viri

354 4757 360 4768 ι
396 4854 400 4862 ,
445 4797 476 4867 ι)
496 4792 563 4852 Vol.
582 4793 604 4850 1.
627 4793 745 4875 Proleg.
759 4813 826 4868 gen.
843 4810 907 4868 oap.
919 4787 1023 4848 xxm.
