4267 5500
452 598 519 676 aab
940 528 945 538 .
1066 575 1078 592 “
1133 585 1325 658 ΙΛἩΑ.Ι

445 763 609 830 videntur
632 773 692 823 ese
719 755 859 842 aliquam
884 752 1025 817 suminis
1045 753 1193 836 speeiem
1245 745 1391 838 propter
1415 763 1585 814 recentem
1601 733 1771 836 impetrati
1789 749 1925 838 imperii
1939 773 2005 818 me·

386 874 392 884 ·
444 884 525 949 prae
555 859 759 935 retulisse,
790 868 827 920 nt
855 875 954 940 supra
974 855 1090 918 Inlism
1110 855 1192 920 deae
1251 855 1388 919 moriam
1411 854 1485 938 plus
1509 851 1614 917 adbuc
1635 864 1776 917 matram
1810 853 2006 922 observare·

445 965 579 1031 Pietatis
603 960 715 1047 speeie
737 957 938 1044 propositam
961 954 1120 1036 vidimus,
1147 969 1193 1021 at·
1251 969 1312 1022 rat.
1346 955 1418 1051 Qus
1441 955 1476 1017 in
1496 975 1535 1019 re
1562 957 1845 1042 operaepretium
1865 957 2006 1022 animad-

446 1089 510 1152 que
533 1063 757 1133 verisimiliter
777 1061 916 1140 Vestae,
945 1061 1099 1148 quonism
1120 1061 1192 1146 ejus
1252 1071 1403 1135 vertere,
1439 1057 1527 1122 banc
1557 1059 1665 1122 iuliae
1703 1058 1850 1144 effigient
1883 1061 2007 1128 Vestae

444 1169 589 1234 sedentis
611 1165 723 1229 babitu
744 1163 859 1242 toties,
889 1181 928 1229 sc
953 1177 1020 1228 tam
1047 1163 1188 1231 dirersis
1248 1163 1315 1228 ritu
1340 1161 1487 1226 sedentis
1513 1159 1656 1246 primum
1675 1159 1818 1246 reperiri
1840 1159 1877 1224 in
1898 1161 2006 1224 numia

444 1272 485 1335 ab
501 1269 635 1334 urbibus
651 1265 1024 1352 expresssmsshabemns.
1054 1268 1188 1331 Etonia
1250 1264 1378 1328 Tiberii
1403 1283 1478 1327 oum
1506 1264 1578 1347 ejus
1597 1263 1673 1329 trib.
1694 1274 1856 1348 potestate
1883 1263 2005 1342 XVlL,

445 1375 545 1440 Vesta
558 1369 691 1457 quidem
706 1367 808 1432 iuliae
825 1367 948 1454 aliqnid
964 1369 1190 1433 intercessisse
1250 1387 1346 1451 vquam
1379 1363 1438 1430 ilie
1463 1364 1629 1428 inchoavit
1652 1367 1695 1432 V.
1718 1365 1755 1431 C.
1778 1365 1857 1448 7b8‚
1884 1383 2005 1450 nempe

442 1471 700 1548 communionis,
720 1470 843 1533 citatus
865 1492 963 1554 supra
986 1491 1104 1533 numus
1124 1491 1192 1533 non
1249 1487 1335 1533 anno
1350 1468 1491 1552 Augusti
1510 1480 1652 1530 mortem
1676 1480 1921 1552 consequente.
1945 1471 2006 1532 En

445 1579 585 1640 obscure
617 1571 755 1650 indicat,
785 1571 820 1632 in
832 1570 931 1653 eujus
954 1571 1061 1636 antica
1079 1573 1193 1671 rqiai·
1251 1590 1304 1656 go·
1321 1591 1361 1634 ea
1387 1583 1491 1632 statua
1519 1569 1629 1653 paullo
1658 1583 1733 1652 post
1754 1569 1897 1653 Augusti
1918 1575 2005 1635 rison

444 1678 523 1740 mile
550 1674 618 1738 dixi
644 1694 717 1740 esse
741 1672 947 1760 propositum
971 1687 1068 1758 caput
1091 1673 1192 1739 iuliae
1248 1681 1318 1736 'tem
1348 1670 1388 1736 ab
1420 1670 1574 1736 adulante
1603 1685 1717 1735 senatu
1749 1671 1852 1737 fuerit
1880 1673 2006 1756 posita,

368 1772 372 1779 ’
445 1779 505 1842 sub
521 1775 655 1840 Pietatis
677 1775 808 1851 babitu,
829 1787 863 1838 et
880 1774 915 1836 in
932 1795 1045 1840 aversa
1061 1789 1113 1839 est
1127 1777 1194 1844 Ve·
1251 1787 1286 1838 et
1300 1772 1339 1836 ab
1358 1793 1397 1837 ea
1416 1773 1605 1857 exemplum
1626 1772 1660 1834 in
1681 1773 1864 1858 provincias
1883 1773 2007 1839 dutum.

444 1893 492 1943 sta
522 1878 653 1942 sedens.
690 1879 776 1942 Sane
797 1891 831 1942 et
848 1876 971 1944 ovinis
993 1876 1113 1942 betam
1128 1879 1194 1945 Ve·
1252 1875 1341 1971 Quin
1358 1876 1461 1940 multo
1478 1875 1583 1940 adhuc
1600 1874 1724 1953 serius,
1740 1875 1895 1939 nimirum
1911 1877 1956 1944 V.
1968 1879 2007 1944 C.

444 1997 526 2046 stam
542 1979 690 2046 ridemus
706 1982 777 2063 ¹)2‘
972 1990 974 1997 '
1160 1989 1166 1998 ’
1254 1979 1318 2060 776
1347 1979 1497 2062 permisit
1526 1976 1680 2040 Tiberius
1701 1976 1829 2040 Asianis
1863 1979 2008 2063 petenti·

511 2085 592 2148 Esse
617 2074 872 2165 pudicarum-te
896 2083 1052 2158 Vestam,
1073 2082 1194 2159 Livia,
1253 2079 1331 2155 bus,
1361 2091 1397 2143 ut
1428 2079 1505 2158 sibi,
1537 2091 1571 2142 et
1601 2077 1697 2142 matri
1726 2079 1885 2164 templum
1914 2081 2006 2166 apud

543 2172 549 2186 ⁸
951 2195 1108 2245 matrum.
1243 2181 1424 2264 —Smynaam
1446 2193 1645 2245 statueretur
1668 2182 1709 2262 θ).
1743 2180 1886 2250 Videtur
1903 2182 2007 2267 igitur

445 2283 549 2359 Nori,
577 2283 656 2368 quid
686 2282 806 2366 opponi
835 2283 948 2367 possit.
1000 2283 1191 2352 Verisimile
1251 2282 1395 2347 bonores
1417 2283 1544 2368 aliquos
1578 2281 1741 2347 interdum
1759 2283 1940 2349 matrinon
1958 2287 2007 2346 in·

444 2403 565 2468 nempe
591 2404 658 2447 non
682 2383 806 2461 rideri,
833 2383 1022 2463 Tiberium,
1052 2386 1109 2472 qui
1126 2408 1192 2450 ma·
1254 2385 1388 2463 vidisse,
1412 2385 1512 2448 modo
1543 2405 1611 2448 non
1630 2397 1740 2448 essent
1761 2385 1833 2468 ejus
1852 2387 2006 2470 generis,

446 2490 507 2551 tris
525 2505 604 2550 suae
622 2484 789 2568 cupiditati
802 2504 850 2550 eo
867 2483 1004 2563 restitit,
1018 2499 1134 2551 utnon
1146 2491 1196 2552 ul·
1254 2489 1310 2574 qni
1326 2488 1525 2572 principatus
1539 2487 1571 2548 in
1587 2483 1921 2568 repadminIetrands
1934 2509 2008 2572 spe·

444 2593 515 2650 lum
533 2591 697 2670 inss’gnam
714 2587 872 2650 honorem
888 2609 963 2650 eum
979 2590 1123 2672 recr‘pere
1135 2611 1197 2671 pu·
1253 2590 1337 2655 ciem
1357 2591 1576 2676 praeferrent.
1621 2617 1627 2628 ·

350 2665 359 2684 ’
445 2691 532 2753 blica
546 2704 720 2772 peteretur
740 2687 794 2770 h),
804 2687 1000 2774 permisisse
1017 2690 1129 2755 matris
1147 2675 1196 2754 ei-
1514 2719 1533 2757 s
1618 2673 1638 2710 ⁴⁵
1715 2719 1740 2757 a

445 2794 556 2877 ligium
581 2790 663 2855 dese
683 2792 805 2859 Vestae
828 2790 991 2856 attributis
1023 2792 1129 2877 palam
1159 2794 1193 2855 in
1368 2792 1588 2864 AVGVSTA.
1608 2794 1776 2860 MATER.
1794 2792 2004 2859 PATRIAE.

446 2896 529 2959 urbe
557 2894 722 2973 decorari,
752 2904 786 2958 c't
813 2893 869 2980 qui
898 2892 1026 2958 divinos
1048 2895 1193 2960 honores
1368 2898 1484 2963 Vissss.
1525 2897 1653 2959 Mulier
1679 2897 1793 2959 velata
1823 2900 1944 2962 sedens
1974 2904 2003 2960 d.

445 3011 594 3061 mortuae
619 3010 789 3083 negasset,
819 3017 878 3061 eos
890 2996 1006 3061 adbuc
1028 2996 1121 3064 rinae
1137 2996 1194 3060 de·
1363 3014 1534 3083 pateram,
1548 3020 1574 3063 s.
1589 2998 1733 3063 hastam.

445 3098 529 3162 serni
546 3091 612 3162 non
627 3098 842 3166 adversatam.
881 3101 926 3162 At
942 3098 1107 3173 ridemus,
1137 3100 1192 3161 Ti·
1243 3100 1339 3165 ΙΙΜΡ.
1360 3104 1415 3167 Tl.
1430 3100 1551 3164 CAES.
1566 3099 1669 3169 AVG.
1690 3097 1784 3164 008.
1802 3100 1858 3163 111.
1897 3102 2006 3183 Caput

445 3202 574 3265 beriam
589 3217 719 3285 quoque
733 3202 766 3262 in
780 3200 886 3264 numia
896 3201 1189 3277 uenena-tornae,
1255 3204 1380 3267 merit
1411 3206 1612 3268 laureatum.
1658 3202 1729 3266 ΔΕ.
1761 3204 1786 3266 i.
1817 3200 2004 3287 (Theopoli

446 3303 502 3386 qui
518 3301 756 3364 inscribuntur:
788 3305 983 3365 civitatibus
1006 3304 1116 3366 Asiae
1143 3326 1191 3367 re·
1252 3326 1285 3389 p.
1302 3306 1392 3388 oea.)
1786 3308 1789 3313 ¹

446 3406 596 3477 stitutio,
623 3401 713 3463 omni
734 3402 978 3467 nnmiuiscultu
998 3403 1104 3487 palam
1120 3402 1210 3487 pro·-
1313 3408 1376 3471 En.
1392 3405 1531 3470 alterum
1560 3426 1715 3481 numam,
1742 3405 1898 3489 aprione
1931 3408 2005 3471 solo

446 3505 598 3587 positum.
622 3502 725 3569 Sedet
739 3504 890 3567 nimirum
906 3505 987 3588 ipse,
1004 3506 1193 3590 d.pateram
1252 3510 1410 3595 principis
1432 3509 1538 3593 capite
1563 3507 1739 3574 diversum.
1780 3508 1869 3569 Eum
1888 3510 2006 3572 auctor

445 3605 611 3689 praefert,
642 3626 668 3670 s.
684 3607 831 3683 bustam,
857 3604 1023 3691 supposito
1055 3607 1193 3690 pedibus
1253 3612 1323 3695 ejus
1340 3610 1483 3695 catalogi
1496 3610 1610 3679 Vticae
1629 3608 1780 3676 vindicat.
1803 3610 2006 3694 Opportune

303 3713 309 3735 ¹
446 3706 610 3785 scabello,
639 3728 722 3791 quae
750 3706 865 3772 omnia
882 3708 1192 3793 unitatpraesentem
1251 3713 1355 3791 istud,
1378 3712 1438 3777 sed
1465 3726 1572 3777 tamen
1599 3710 1806 3775 delectione
1832 3711 1924 3779 Vibii
1946 3708 2005 3777 du·

446 3804 545 3873 deum
567 3822 717 3893 arguunt.
754 3810 808 3873 Ex
829 3833 895 3895 quo
916 3812 1079 3895 colligere
1105 3810 1194 3887 licet,
1250 3816 1331 3879 bito.

446 3910 637 3985 Tiberium,
669 3912 731 3974 etsi
758 3911 891 3995 publice
924 3912 1126 3997 praeferret,
1158 3934 1193 3976 se
1393 3956 1400 3969 ·
1512 3944 1559 3981 s.
1720 3946 1738 3984 s

338 4027 342 4041 ·
446 4010 573 4078 divinos
603 4011 747 4076 bonores
776 4013 964 4099 aspernari,
997 4016 1106 4079 tamen
1128 4036 1194 4078 non
1392 4015 1544 4085 SALVS.
1598 4008 1817 4089 AVGVS'I'A.
1864 4020 2005 4087 Pnnn.

338 4125 340 4131 '
446 4113 653 4199 adversatum
673 4113 730 4190 iis,
760 4114 817 4199 qui
845 4116 917 4199 ejus
950 4118 1125 4182 simulacro
1147 4114 1193 4178 di·
1392 4116 1596 4189 AVGVS'H.
1634 4122 1742 4205 Caput
1759 4125 1925 4189 muliebre
1945 4147 2006 4187 nu-

446 4215 514 4278 vini
542 4215 648 4278 cultus
688 4215 833 4299 speeiem
869 4216 1036 4283 addidere.
1080 4216 1192 4313 Quare
1348 4252 1356 4261 -
1391 4224 1478 4286 dura.
1581 4230 1583 4235 '
1851 4240 1854 4245 ·

445 4336 555 4403 neque
580 4315 768 4382 adversatus
784 4315 915 4380 ridetur
934 4320 991 4398 iis,
1018 4319 1074 4405 qui
1095 4320 1192 4383 simili
1252 4322 1383 4391 lent.
1406 4324 1627 4394 AVGVSTA.
1649 4327 1684 4389 C.
1702 4326 1743 4389 Δ.
1765 4328 1807 4389 Ε.
1833 4329 1931 4393 Iulio
1954 4350 2009 4391 se·

444 4420 572 4484 bonore
609 4432 746 4483 matrem
783 4417 956 4498 adiecere,
994 4422 1193 4506 etquidem
1250 4428 1330 4489 dens
1352 4428 1383 4489 d.
1398 4429 1527 4510 spicas,
1546 4436 1576 4492 a.
1595 4430 1735 4493 iustum.
1770 4430 1842 4495 att.
1863 4434 1890 4496 1.
1911 4428 2009 4513 (Flo-

1616 3900 1635 3935 ἡ

332 4567 339 4586 2
446 4540 523 4583 mox
560 4520 601 4585 ab
630 4520 718 4585 adite
747 4519 908 4605 imperio,
940 4541 1012 4607 qno
1041 4535 1192 4610 tempore
1249 4547 1308 4591 rez
1324 4528 1357 4589 in
1373 4527 1478 4592 numia
1495 4528 1689 4609 Emeritse.)

327 4852 336 4868 ·
446 4852 472 4889 c.
487 4844 528 4893 1⁵.

482 4744 515 4812 a)
534 4744 578 4801 Dc
591 4744 686 4805 Ponto
701 4744 733 4804 L.
743 4745 794 4809 IV.
812 4767 860 4825 ep.
873 4746 952 4810 XIII.
969 4767 996 4807 v.
1006 4760 1051 4823 29.
1190 4750 1225 4822 b)
1245 4750 1325 4811 Suet.
1343 4753 1372 4810 in
1386 4753 1454 4811 Tib.
1474 4772 1498 4811 c.
1510 4768 1553 4819 50.
1692 4756 1737 4823 ογ
1745 4754 1840 4815 Tacit.
1857 4758 1934 4817 Anu.
1951 4761 2006 4817 IV.
