4267 5500
687 583 1187 680 ,retorsero
1544 687 1548 692 Δ
1694 590 1724 649 v

161 771 322 878 eruditi,
351 770 442 856 sive
462 797 561 853 cum
580 769 864 854 eorumnobis
881 781 1101 882 perpetuos
1120 755 1327 882 catalogos
1349 766 1611 877 instruerent,
1630 771 1716 856 sive

162 911 417 1024 explicarent
442 901 707 1020 argumenta,
738 905 825 990 sive
845 907 997 1018 probos
1016 891 1222 1019 falsosque
1240 905 1493 1020 distinguere
1512 907 1720 1015 docerent,

164 1077 269 1164 quae
298 1045 470 1160 quidem
503 1073 603 1128 cura
631 1044 677 1126 in
700 1043 825 1158 hujus
852 1044 977 1128 studii
1004 1044 1209 1126 currictdo
1238 1044 1509 1155 epraecipuis
1528 1073 1612 1128 una
1631 1047 1719 1129 ruit.

167 1186 367 1291 Etenim,
384 1184 501 1294 quod
521 1181 609 1264 fieri
627 1181 864 1289 consuevit,
892 1189 962 1289 ut,
990 1180 1065 1261 uhi
1083 1178 1229 1262 avidus
1240 1193 1309 1263 'est
1328 1195 1509 1292 emptor,
1538 1182 1596 1262 ibi
1613 1182 1722 1264 mala

168 1323 269 1407 fides
286 1347 471 1404 mercem
499 1315 758 1429 corrumpat,
785 1311 944 1400 factum
968 1304 1119 1428 magno
1140 1315 1239 1400 artis
1251 1331 1430 1400 “nostrae
1447 1319 1723 1428 incommodo,

171 1473 230 1543 ut·
242 1461 323 1573 jam
343 1485 367 1562 a
384 1445 528 1567 p'rimis
549 1455 637 1568 ejus
655 1453 916 1538 incunabulis
935 1454 1074 1565 turpis·
1094 1440 1289 1564 quaestus
1308 1453 1360 1536 a'd
1380 1450 1724 1568 vitiandamjpra'e

177 1595 263 1678 aliis
282 1592 475 1678 omnibus
490 1595 771 1704 Augustorum
791 1603 1001 1675 monetam
1020 1618 1287 1709 omneosuum
1305 1590 1492 1675 studium
1510 1595 1725 1700 conferret,

176 1761 278 1844 quae
297 1732 417 1814 labes
436 1756 632 1814 successu
648 1729 844 1841 temporis
862 1727 965 1811 adeo
985 1728 1179 1835 invaluit,
1207 1741 1257 1811 ut
1273 1743 1465 1813 monetae
1482 1727 1607 1844 hujus
1623 1731 1726 1813 clas-

169 1869 224 1952 sis
243 1869 377 1952 salsae
396 1895 479 1950 non
497 1867 628 1950 multo
647 1867 783 1968 minor
801 1865 853 1949 sit
872 1893 1081 1971 numerus,
1101 1855 1234 1977 xquarn
1249 1868 1497 1977 primaevae,
1517 1882 1567 1952 'et
1584 1853 1727 1982 genui-

169 2034 263 2110 nae,
285 2017 535 2116 tantumque
552 2003 639 2086 fere
656 2000 784 2119 studii
802 2001 1127 2114 impendendum
1145 2002 1212 2084 rlh
1221 2004 1340 2112 parti,
1368 2031 1476 2117 quae
1494 2001 1726 2090 discernere

173 2151 398 2255 utramque
426 2141 566 2249 docet,
597 2149 799 2254 qnantum
827 2141 906 2251 ipsi
924 2141 1141 2248 scientiae,
1170 2153 1212 2224 et
1240 2140 1452 2227 doctrina'e
1471 2137 1525 2226 e'x
1543 2129 1729 2259 ejds‘trsu

170 2278 470 2394 percipiendae.
501 2286 634 2390 Quam
662 2279 831 2393 quidem
850 2291 1102 2391 postremam
1121 2291 1281 2391 partem
1306 2278 1386 2364 hoc
1414 2282 1507 2366 loco
1524 2271 1727 2367 indicasse
1816 2331 1822 2341 ·

173 2420 270 2502 satis
290 2418 441 2530 fuerit,
470 2445 565 2500 nam
587 2415 720 2500 varios
748 2429 939 2500 monetae
959 2415 1253 2500 adulterandae
1281 2417 1426 2502 modos
1446 2418 1545 2501 alibi
1565 2422 1729 2532 copiose

174 2583 319 2638 sumus
350 2554 561 2666 persecuti¹
579 2543 629 2660 ³).
660 2551 743 2636 Sed
770 2553 1049 2637 necessarium
1078 2555 1245 2639 omnino
1265 2568 1348 2664 est,
1376 2555 1420 2639 in
1438 2555 1640 2667 judicium
1656 2587 1730 2643 vo-

174 2719 272 2776 care
299 2693 487 2806 cognitos
516 2689 717 2775 hactenus
745 2705 936 2777 monetae
961 2695 1200 2805 Augusteae
1229 2692 1457 2805 catalogos,
1486 2708 1529 2781 et
1554 2695 1599 2779 in
1615 2695 1724 2779 han'c

172 2828 431 2913 entditorum
452 2829 790 2934 commentarios,
805 2843 875 2938 ut,
895 2842 1098 2943 quanttun
1117 2830 1179 2911 ab'
1189 2830 1239 2913 iis
1249 2829 1361 2938 veri,
1376 2831 1612 2945 sincerique
1632 2833 1729 2917 sub-

176 2966 265 3051 sidii
281 2966 412 3080 possit
428 2980 669 3078 exspectare
691 2962 932 3079 philologia,
963 2964 1197 3079 planissime
1215 2958 1522 3078 intelligamus?

261 3105 427 3187 Primus
445 3103 525 3187 suit
542 3100 834 3185 HVBERTVS.
857 3102 1141 3208 GOLTZIVS,
1171 3104 1242 3215 qui
1263 3104 1446 3214 primum
1469 3105 1515 3186 in
1540 3092 1623 3188 suis
1639 3107 1725 3189 Fa.
1808 3203 1811 3211 ¹

178 3241 253 3319 stis
268 3245 596 3349 magistratuum
608 3250 651 3316 et
669 3233 1034 3347 triumphorumR,
1055 3233 1260 3352 insignem
1270 3263 1493 3318 numerum
1503 3234 1728 3323 dumorum

178 3376 267 3460 tulii
285 3372 487 3480 Caesaris,
504 3372 695 3487 Augusti,
714 3373 983 3484 virorumque
999 3374 1247 3487 principum,
1266 3376 1336 3490 qui
1355 3375 1419 3461 his
1438 3378 1581 3461 coaevi
1598 3380 1729 3488 fuere,

180 3506 377 3619 vulgavit,
408 3504 557 3588 deinde
576 3504 622 3587 in
645 3503 865 3587 Thesauro
888 3510 953 3585 rei
971 3515 1242 3618 antiquariae
1252 3501 1491 3590 uberrimo
1510 3510 1731 3621 imperato-

180 3675 297 3752 rum,
329 3647 657 3756 Caesarumque,
687 3656 730 3726 et
755 3648 1037 3753 Augustamm
1063 3644 1229 3750 tituloS,
1258 3647 1449 3756 nomina,
1479 3665 1521 3735 et
1549 3654 1732 3762 epitheta

174 3814 206 3865 -a
224 3784 324 3865 lulio
344 3784 521 3867 Caesare
548 3808 682 3893 usque
709 3780 761 3863 ad
779 3778 1018 3861 Heraclium¹
1034 3808 1088 3863 ex
1106 3782 1263 3887 numis,
1287 3796 1341 3866 -ut
1364 3787 1522 3894 ajebat,
1551 3782 1730 3902 descrip-

188 3920 246 4005 sit.
275 3920 341 4002 Ab
361 3916 646 4001 examinandis
670 3916 737 4011 his
755 3912 844 4028 ejus
865 3915 1057 4028 operibus
1085 3946 1253 4030 possum
1271 3946 1383 4004 nunc
1403 3925 1493 4034 jure
1511 3924 1729 4035 abstinere,

186 4056 281 4169 quia
300 4055 411 4141 istud
431 4057 564 4139 multo
582 4053 841 4161 adcuratius,
872 4081 998 4165 quam
1014 4052 1216 4140 hactenus
1235 4084 1259 4139 a
1278 4086 1528 4172 quocunque
1548 4062 1627 4147 alio
1647 4066 1732 4149 fac-

187 4207 296 4299 tum,
326 4222 350 4276 a
379 4222 450 4276 me
476 4190 576 4274 alibi
593 4192 837 4317 praestitum
854 4203 915 4273 est
940 4178 1001 4299 ¹²),
1031 4192 1147 4307 cuju's
1167 4223 1330 4278 summa
1348 4197 1452 4280 haec
1470 4212 1551 4283 est:
1581 4228 1729 4287 numos

188 4360 328 4415 omnes
351 4332 511 4412 abuno
526 4328 608 4412 hoc
625 4329 714 4413 viro
734 4312 1013 4445 promulgatos
1032 4344 1106 4413 aut
1120 4331 1324 4441 putandos
1343 4363 1432 4418 esse
1451 4340 1659 4445 confictos,
1687 4354 1731 4426 et
1825 4440 1832 4449 .

186 4496 306 4581 saepe
322 4465 497 4581 quidem
514 4465 695 4573 erudite,
726 4477 799 4548 aut
815 4462 936 4548 vafre
947 4492 996 4547 ac
1012 4465 1189 4551 subdole
1207 4467 1454 4582 descriptos,
1484 4486 1577 4583 aut,
1605 4475 1641 4559 si
1659 4474 1733 4589 qui

186 4604 326 4689 fiande
346 4632 492 4689 carere
516 4602 758 4711 videantur,
786 4603 932 4689 saltem
960 4616 1171 4723 suspectos
1198 4606 1379 4713 tamdiu,
1408 4586 1540 4693 donec
1557 4611 1730 4695 aliorum

218 4770 247 4867 i)
266 4772 335 4855 Coi]
354 4772 520 4870 [Prolog.
539 4770 605 4868 geni
626 4813 690 4871 cap.
706 4790 782 4851 XIX.
882 4792 917 4885 b)
937 4762 1003 4853 voi
1015 4759 1042 4853 ⁴1.
1062 4793 1179 4878 Prolog.
1197 4792 1427 4873 gen..p.CXL1.
