4267 5500
877 589 1046 677 OTHO.
1664 622 1737 693 505

185 782 242 833 tur
260 768 388 833 Otlsoni
398 770 582 834 tribunicio
593 782 754 854 potestus,
769 782 801 835 et
818 790 938 835 nomen
994 790 1073 836 sere
1088 769 1178 837 Otho
1196 770 1409 848 adhaereret,
1438 772 1577 857 perinde
1594 797 1631 841 ac
1648 778 1740 857 Fata,

187 872 360 955 Augusti,
381 884 416 934 et
437 890 549 935 omnes
568 875 756 954 pn'nolpum
784 872 936 937 honores.
994 891 1077 959 qnae
1096 875 1239 938 omniunt
1256 872 1389 937 minime
1403 890 1592 959 parcerent,
1611 878 1740 944 Pareae

187 976 260 1057 lpse
292 972 325 1035 in
360 972 520 1038 concione
556 972 694 1037 militnm
721 972 859 1056 jactabat
879 994 939 1059 pn·
993 976 1175 1059 appellatae
1205 989 1289 1041 sunt.
1344 978 1531 1044 Postremus
1570 978 1628 1042 has
1660 979 1741 1046 dnae

186 1072 292 1141 blicet
316 1072 459 1138 Senatus
475 1088 664 1139 mecumest
680 1076 719 1157 ¹).
749 1076 867 1145 Vtrum
887 1097 937 1140 se·
993 1092 1105 1139 causas
1131 1078 1258 1161 reperit
1285 1081 1422 1142 loannes
1451 1076 1587 1144 lacobus
1605 1079 1742 1146 ctttfls·

185 1190 298 1253 natos,
326 1174 382 1261 qui
410 1176 575 1240 concessit
602 1196 744 1253 somma,
767 1178 938 1262 negaverit
994 1178 1079 1254 tius,
1107 1192 1144 1241 at
1166 1190 1302 1241 testatur
1326 1180 1397 1263 ejns
1420 1179 1507 1243 lilios
1522 1182 1685 1246 ilenrico·
1705 1182 1741 1246 in

188 1280 334 1342 honores
363 1298 571 1357 commones,
607 1292 642 1343 et
670 1282 847 1363 receptos?
885 1278 937 1343 dn
993 1278 1121 1343 laudata
1153 1276 1401 1358 dissertatione,
1438 1302 1518 1366 quas
1549 1282 1626 1345 ideo
1653 1302 1743 1349 eons-

189 1398 255 1443 non
280 1374 334 1442 hic
354 1380 527 1463 neglectos
549 1379 604 1446 tel
623 1383 658 1443 in
677 1404 715 1449 re
741 1388 830 1449 tenni
848 1385 938 1450 lucu
994 1400 1180 1444 mem0rare
1200 1380 1339 1466 placuit,
1363 1396 1398 1445 ut
1414 1396 1583 1467 appareat,
1607 1384 1641 1445 in
1657 1406 1743 1469 quae

188 1482 314 1543 lentum
332 1480 848 1572 fnissetindioiumprincipiave}
862 1508 939 1551 con·
994 1478 1222 1561 ioeovdevtvw
1248 1483 1455 1561 delabentur,
1494 1503 1568 1548 111111
1599 1486 1743 1549 omnium

186 1582 321 1666 tempti,
363 1582 418 1646 vel
448 1580 526 1646 odio
564 1582 690 1653 habirit
725 1590 878 1677 Denique
909 1588 937 1653 si
992 1603 1105 1647 rernm
1131 1586 1282 1650 nolumus
1305 1580 1480 1670 penetrare
1501 1604 1633 1664 causas,
1661 1605 1741 1672 qnos

186 1704 329 1769 anquam
356 1682 501 1767 patribus
525 1683 587 1748 fnit
613 1686 719 1770 gravis
741 1694 826 1757 rstio
849 1688 939 1775 prin.
993 1704 1054 1747 nos
1080 1686 1233 1768 ignorare
1250 1688 1373 1770 majore
1392 1708 1465 1751 cum
1483 1686 1579 1750 laude
1598 1704 1741 1772 preests·
1774 1750 1777 1755 .

186 1784 268 1869 cipis
297 1784 447 1862 colendi,
478 1784 539 1849 luit
570 1790 720 1871 prolecto
747 1792 937 1875 gravissima
993 1800 1047 1849 ret
1063 1787 1231 1870 profiteri,
1249 1790 1416 1869 nihilque,
1435 1802 1558 1855 ntcum
1568 1788 1679 1853 Tullio
1694 1791 1744 1854 lo·

186 1886 322 1951 Othone
340 1885 541 1971 imperante3
562 1890 727 1957 numenio
744 1892 935 1959 nnidebne·
994 1909 1076 1973 qm
1090 1891 1139 1973 ο),
1159 1904 1230 1954 tunt
1241 1904 1471 1973 praepostere,
1483 1896 1746 1970 tamincoudite,

184 2008 245 2067 te,
287 1988 376 2075 qnod
406 2008 473 2051 non
503 1988 543 2053 ad
572 2010 675 2057 uuunr
705 2016 818 2060 omnes
850 1996 936 2061 caesi
995 2004 1064 2055 lom
1095 2004 1302 2055 monstruose
1332 1995 1480 2074 cogitorl
1504 2011 1617 2073 posse,
1656 1996 1746 2073 quod

187 2104 263 2154 sunt
283 2114 302 2157 a
323 2088 495 2170 militibus,
527 2094 583 2175 qul
613 2110 679 2158 noa
710 2098 815 2161 semel
836 2100 935 2163 totius
994 2111 1060 2155 nvn
1077 2096 1245 2173 possimus
1261 2096 1440 2157 somniare.
1477 2090 1583 2187 Quum
1598 2110 1658 2157 nos
1673 2093 1743 2158 ido·

189 2192 314 2255 ordlnis
338 2190 500 2255 excidium
519 2192 586 2259 ausi
604 2211 678 2260 sont
695 2194 870 2283 flagitare,
891 2210 938 2261 at·
993 2213 1089 2257 neam
1118 2194 1305 2259 adferemus
1327 2212 1475 2273 cansam,
1509 2210 1571 2259 etse
1596 2195 1685 2261 obvii
1706 2218 1745 2261 ne

187 2314 252 2379 que
290 2294 387 2357 etiam
422 2294 526 2357 semel
555 2316 618 2380 per
645 2298 711 2361 rim
741 2312 868 2363 tentare
891 2296 935 2379 Ι1).
992 2296 1077 2361 viles
1099 2295 1163 2359 sint
1183 2295 1278 2359 senei
1299 2292 1423 2359 Galbae
1444 2296 1555 2373 nomi,
1591 2318 1667 2361 earn
1688 2298 1746 2367 vi·

188 2395 396 2459 Adios-untur
424 2397 571 2461 rationes
603 2398 703 2478 alise,
740 2400 799 2465 sed
822 2400 935 2485 priore
994 2396 1097 2475 tellii,
1126 2395 1182 2483 qni
1203 2406 1313 2461 sussen
1337 2399 1503 2483 sliqnsato
1526 2402 1649 2467 diutins
1668 2406 1744 2488 ipso

188 2498 293 2561 multo
316 2496 533 2575 infirmiores,
563 2500 741 2565 nonnullae
766 2498 862 2567 etism
881 2524 936 2567 ex·
993 2496 1098 2563 Galba
1115 2498 1305 2582 impmvils
1331 2501 1746 2588 Ρ1111111ῐ1111111111ἰ11ὶ11·

188 2610 296 2663 treme
323 2597 474 2683 frigidae.
519 2600 683 2667 Accusant
713 2602 769 2667 alii
797 2604 937 2671 brevita-
994 2599 1069 2664 dens
1097 2600 1245 2663 metalli?
1275 2601 1366 2663 {stud
1389 2602 1642 2685 igltnr·certsns
1659 2620 1744 2684 esto,

188 2712 259 2765 tero
294 2698 437 2785 imperii.
486 2702 531 2765 At
561 2722 621 2768 cnr
647 2702 763 2770 eadem
792 2704 936 2772 brevitas
992 2712 1058 2764 tam
1084 2702 1180 2766 nobis
1203 2719 1278 2768 esse
1303 2701 1446 2785 ignotam
1470 2724 1579 2771 veram
1605 2709 1677 2794 ejus
1697 2708 1745 2772 ls-

187 2821 256 2864 non
281 2801 452 2888 impedivit
481 2803 594 2883 etiam,
631 2827 696 2892 qno
725 2807 831 2871 minus
861 2807 938 2872 feri·
994 2805 1040 2867 cti
1073 2820 1218 2882 csosssn,
1251 2815 1347 2887 qnam
1378 2803 1473 2868 nobis
1502 2807 1744 2892 incompertum

191 2918 308 2967 reotnr
326 2905 417 2969 antei
436 2919 470 2970 et
488 2907 656 2993 argentei,
687 2923 720 2972 et
738 2910 771 2971 in
794 2922 938 2974 nostram
994 2923 1126 2981 verosa,
1153 2918 1188 2968 et
1210 2905 1376 2987 antiquom
1392 2905 1562 2990 exemplar
1579 2909 1670 2972 numi
1692 2927 1746 2972 ae·

191 3019 333 3070 setstent
352 3005 531 3072 durarent?
561 3009 614 3072 An
633 3031 698 3074 non
714 3011 849 3076 brevius
866 3010 938 3088 init,
994 3005 1050 3068 11θὶ
1077 3004 1255 3068 Othoniani
1278 3009 1446 3069 commatis
1472 3009 1624 3076 Romtni.
1665 3011 1743 3094 Ego

190 3120 245 3171 snt
266 3107 402 3194 aequale
422 3111 620 3190 Pertinacis,
662 3109 832 3208 Quintilli,
862 3111 939 3176 Flo-
995 3105 1111 3169 hercle
1143 3108 1214 3190 ejus
1247 3107 1441 3192 reperiundi
1478 3110 1642 3175 fortunam
1678 3131 1747 3174 non

193 3207 275 3272 ritui
297 3209 491 3294 imperium,
522 3232 660 3297 quornm
685 3227 794 3276 tamen
815 3211 941 3301 copiosi
996 3227 1199 3291 magnopere
1235 3224 1375 3293 appeto;
1410 3233 1484 3274 naor
1516 3211 1745 3297 praejudicatis

192 3310 283 3373 nonni
324 3303 520 3396 supersunt?
561 3315 826 3398 Perspicaciores
867 3315 940 3393 alii,
994 3309 1151 3376 adversos
1166 3331 1288 3374 aeneos
1306 3311 1579 3379 Othonianumos
1599 3316 1743 3379 omniurn

192 3433 267 3476 cnm
286 3427 421 3478 nossent
439 3414 579 3478 Othonis
605 3415 703 3482 vitam
721 3417 872 3494 mollem,
901 3439 939 3482 ao
994 3412 1125 3490 animis,
1168 3415 1231 3476 etsi
1262 3405 1389 3478 oblatus
1420 3418 1493 3499 ejus
1521 3418 1655 3500 generis
1684 3437 1746 3479 nn»

191 3509 380 3595 delicatam,
418 3529 600 3580 aversatam
632 3538 708 3580 enm
738 3519 840 3582 luisse
870 3539 939 3581 sno·
994 3531 1066 3576 mus
1091 3515 1198 3577 omnia
1222 3514 1408 3599 praeferret
1426 3537 1629 3601 «γιησιοτητος
1646 3537 1743 3601 argu·

189 3629 301 3682 oetam
322 3637 455 3682 seaeant
479 3629 573 3682 acute
588 3612 761 3696 viderunt,
786 3619 939 3707 qnoniam
995 3629 1123 3692 menta,
1143 3627 1252 3679 tamen
1274 3615 1350 3678 sstis
1368 3615 1438 3680 scio
1460 3619 1653 3702 exstituros,
1675 3620 1742 3702 qui,

194 3739 315 3782 manus
345 3733 502 3782 comaclu
537 3722 624 3783 aeris
659 3719 811 3804 inficitur
838 3723 939 3786 odore
995 3729 1030 3780 ttt
1070 3718 1177 3800 ajunt,
1212 3715 1334 3778 nodum
1365 3717 1399 3780 in
1426 3719 1536 3802 scirpo
1569 3733 1741 3801 quaerent,

189 3841 305 3902 pano,
320 3825 437 3884 veneni
443 3825 546 3884 etiam
556 3824 722 3904 participe
736 3828 892 3900 moterlo,
906 3835 940 3886 et
995 3835 1196 3902 nnmnmqne
1239 3815 1294 3881 tel
1338 3839 1401 3904 per
1440 3819 1644 3897 levissimas,
1688 3833 1744 3883 snt

192 3919 504 4003 quaedpocnlentls
513 3923 697 4006 obdicetur,
708 3937 740 3986 et
750 3925 940 4000 esculentis,
995 3921 1165 3982 arcessitae
1193 3934 1322 3995 censae,
1363 3934 1442 4005 ques
1466 3921 1499 3982 ie
1526 3920 1668 4002 cujusvis
1701 3919 1746 3985 sl-

193 4021 332 4108 pen'rde
358 4022 449 4109 qousi
472 4041 573 4086 senes
593 4039 722 4088 moneta
748 4035 803 4088 aut
820 4021 940 4108 princi·
995 4020 1099 4084 terius
1129 4009 1342 4104 imperatoris
1361 4037 1463 4085 nomo
1486 4035 1540 4085 sat
1564 4043 1631 4085 uon
1655 4020 1745 4086 sida-

193 4125 227 4208 pi
251 4127 440 4190 necessario
469 4123 584 4191 innuet
598 4125 853 4199 contrectanda,
886 4139 941 4188 ast
995 4133 1080 4196 rent,
1096 4133 1149 4185 snt
1169 4137 1383 4201 excusarent,
1400 4123 1577 4188 inauditnm
1592 4123 1749 4188 condant·

192 4225 234 4292 ad
264 4227 491 4292 consistorum
528 4243 715 4312 apparatum
747 4225 940 4291 adhibenda.
997 4223 1130 4286 nabunt.
1721 4221 1727 4226 ⁴

192 4327 368 4392 Postrema
394 4327 478 4393 ratio
500 4329 643 4393 omnium
666 4331 767 4414 longe
787 4327 941 4394 inficetis·
1060 4323 1135 4388 Non
1156 4324 1379 4392 dissimulandi
1398 4327 1463 4391 hoe
1485 4328 1562 4391 loeo
1585 4327 1675 4390 nomi
1691 4347 1747 4393 re·

195 4431 285 4496 sitas.
329 4429 398 4495 Aes
420 4429 539 4496 ssavum
562 4431 650 4497 Italis
676 4439 789 4497 ottone
806 4429 941 4507 dicitur,
997 4429 1202 4492 stitutionuns
1225 4431 1321 4494 senei
1346 4447 1419 4494 onor
1440 4429 1547 4513 eapite
1564 4429 1706 4495 Othonis
1724 4452 1746 4496 s

193 4531 262 4598 loss
282 4533 327 4596 ita
353 4530 474 4596 dietum
496 4551 559 4618 per
575 4533 769 4614 derepente»,
792 4531 881 4620 quod
902 4529 942 4596 ab
998 4531 1097 4597 variis
1112 4531 1251 4616 vulgati:

232 4819 261 4890 a)
280 4817 376 4880 lacit.
392 4815 467 4874 ltin.
477 4817 498 4876 1.
515 4827 559 4882 tl.
633 4816 668 4888 b)
688 4816 809 4874 Sueton.
828 4823 889 4880 ee
908 4812 958 4871 alii
973 4813 1093 4891 pessis».
1167 4815 1198 4884 e)
1220 4811 1257 4868 de
1271 4811 1399 4872 otuinus.
1416 4811 1495 4871 1,.11.
1513 4823 1593 4875 ets.

261 4927 356 5008 (Vel.
370 4927 447 5006 Vt.)
1432 4921 1463 5011 Q
1486 4942 1508 5005 q
