<?xml version="1.0" encoding="UTF-8"?>
<!DOCTYPE html PUBLIC "-//W3C//DTD XHTML 1.0 Transitional//EN"
    "http://www.w3.org/TR/xhtml1/DTD/xhtml1-transitional.dtd">
<html xmlns="http://www.w3.org/1999/xhtml" xml:lang="en" lang="en">
 <head>
  <title>
</title>
<meta http-equiv="Content-Type" content="text/html;charset=utf-8" />
  <meta name='ocr-system' content='tesseract 3.04.00' />
  <meta name='ocr-capabilities' content='ocr_page ocr_carea ocr_par ocr_line ocrx_word'/>
</head>
<body>
  <div class='ocr_page' id='page_1' title='image "./doctrinanumorum01steigoog/doctrinanumorum01steigoog_0218.png"; bbox 0 0 4267 5500; ppageno 0'>
   <div class='ocr_carea' id='block_1_1' title="bbox 433 555 1346 672">
    <p class='ocr_par' dir='ltr' id='par_1_1' title="bbox 433 555 1346 672">
     <span class='ocr_line' id='line_1_1' title="bbox 433 555 1346 672; baseline -0.026 -20"><span class='ocrx_word' id='word_1_1' title='bbox 433 585 505 656; x_wconf 76' lang='lat' dir='ltr'><strong>na</strong></span> <span class='ocrx_word' id='word_1_2' title='bbox 968 665 973 672; x_wconf 23' lang='grc'>,</span> <span class='ocrx_word' id='word_1_3' title='bbox 1057 555 1346 670; x_wconf 76' lang='lat' dir='ltr'><strong>utrumve.</strong></span> 
     </span>
    </p>
   </div>
   <div class='ocr_carea' id='block_1_2' title="bbox 395 723 1980 1332">
    <p class='ocr_par' dir='ltr' id='par_1_2' title="bbox 395 723 1980 1332">
     <span class='ocr_line' id='line_1_2' title="bbox 395 723 1977 816; baseline -0.004 -25"><span class='ocrx_word' id='word_1_4' title='bbox 395 771 406 791; x_wconf 87' lang='lat'><strong>.</strong></span> <span class='ocrx_word' id='word_1_5' title='bbox 435 763 524 816; x_wconf 83' lang='lat' dir='ltr'><strong>aem,</strong></span> <span class='ocrx_word' id='word_1_6' title='bbox 553 738 582 801; x_wconf 83' lang='lat' dir='ltr'><strong>oi</strong></span> <span class='ocrx_word' id='word_1_7' title='bbox 608 749 694 808; x_wconf 89' lang='lat' dir='ltr'><strong>tum,</strong></span> <span class='ocrx_word' id='word_1_8' title='bbox 727 747 801 794; x_wconf 85' lang='lat' dir='ltr'><strong>oum</strong></span> <span class='ocrx_word' id='word_1_9' title='bbox 830 724 1011 809; x_wconf 77' lang='lat' dir='ltr'><strong>catalogum</strong></span> <span class='ocrx_word' id='word_1_10' title='bbox 1040 724 1176 790; x_wconf 67' lang='lat' dir='ltr'><strong>adorna</strong></span> <span class='ocrx_word' id='word_1_11' title='bbox 1230 746 1314 811; x_wconf 89' lang='lat' dir='ltr'><strong>pore</strong></span> <span class='ocrx_word' id='word_1_12' title='bbox 1341 725 1503 809; x_wconf 78' lang='lat' dir='ltr'><strong>signatos,</strong></span> <span class='ocrx_word' id='word_1_13' title='bbox 1536 736 1633 808; x_wconf 84' lang='lat' dir='ltr'><strong>atque</strong></span> <span class='ocrx_word' id='word_1_14' title='bbox 1659 723 1743 790; x_wconf 84' lang='lat' dir='ltr'><strong>adeo</strong></span> <span class='ocrx_word' id='word_1_15' title='bbox 1770 747 1888 792; x_wconf 79' lang='lat' dir='ltr'><strong>numos</strong></span> <span class='ocrx_word' id='word_1_16' title='bbox 1912 729 1977 792; x_wconf 78' lang='lat' dir='ltr'><strong>hac</strong></span> 
     </span>
     <span class='ocr_line' id='line_1_3' title="bbox 432 823 1979 918; baseline -0.019 -11"><span class='ocrx_word' id='word_1_17' title='bbox 432 863 563 916; x_wconf 84' lang='lat' dir='ltr'><strong>veram,</strong></span> <span class='ocrx_word' id='word_1_18' title='bbox 593 835 634 901; x_wconf 89' lang='lat' dir='ltr'><strong>ad</strong></span> <span class='ocrx_word' id='word_1_19' title='bbox 660 842 849 918; x_wconf 76' lang='lat' dir='ltr'><strong>praesenter</strong></span> <span class='ocrx_word' id='word_1_20' title='bbox 870 826 1029 888; x_wconf 78' lang='lat' dir='ltr'><strong>Antoniae</strong></span> <span class='ocrx_word' id='word_1_21' title='bbox 1057 845 1174 888; x_wconf 83' lang='lat' dir='ltr'><strong>numos</strong></span> <span class='ocrx_word' id='word_1_22' title='bbox 1231 827 1442 910; x_wconf 82' lang='lat' dir='ltr'><strong>inscriptione</strong></span> <span class='ocrx_word' id='word_1_23' title='bbox 1457 823 1602 908; x_wconf 71' lang='lat' dir='ltr'><strong>insignes</strong></span> <span class='ocrx_word' id='word_1_24' title='bbox 1618 845 1691 890; x_wconf 78' lang='lat' dir='ltr'><strong>eoae</strong></span> <span class='ocrx_word' id='word_1_25' title='bbox 1706 828 1889 914; x_wconf 64' lang='lat' dir='ltr'><strong>Caligulae,</strong></span> <span class='ocrx_word' id='word_1_26' title='bbox 1908 849 1979 892; x_wconf 67' lang='lat'><strong>„011</strong></span> 
     </span>
     <span class='ocr_line' id='line_1_4' title="bbox 431 929 1979 1012; baseline -0.021 -6"><span class='ocrx_word' id='word_1_27' title='bbox 431 932 636 1006; x_wconf 81' lang='lat' dir='ltr'><strong>rellexiosem</strong></span> <span class='ocrx_word' id='word_1_28' title='bbox 653 938 806 1000; x_wconf 87' lang='lat' dir='ltr'><strong>animum.</strong></span> <span class='ocrx_word' id='word_1_29' title='bbox 828 929 886 1006; x_wconf 82' lang='lat' dir='ltr'><strong>Hi,</strong></span> <span class='ocrx_word' id='word_1_30' title='bbox 906 929 1056 1012; x_wconf 86' lang='lat' dir='ltr'><strong>quoniam</strong></span> <span class='ocrx_word' id='word_1_31' title='bbox 1075 929 1176 990; x_wconf 86' lang='lat' dir='ltr'><strong>Anto·</strong></span> <span class='ocrx_word' id='word_1_32' title='bbox 1232 929 1381 1010; x_wconf 73' lang='lat' dir='ltr'><strong>Augusti.</strong></span> <span class='ocrx_word' id='word_1_33' title='bbox 1410 929 1648 1008; x_wconf 85' lang='lat' dir='ltr'><strong>Corrigendum</strong></span> <span class='ocrx_word' id='word_1_34' title='bbox 1667 929 1769 1012; x_wconf 79' lang='lat' dir='ltr'><strong>igitur</strong></span> <span class='ocrx_word' id='word_1_35' title='bbox 1787 930 1979 994; x_wconf 56' lang='lat' dir='ltr'><strong>enehorum</strong></span> 
     </span>
     <span class='ocr_line' id='line_1_5' title="bbox 432 1029 1978 1124; baseline -0.021 -15"><span class='ocrx_word' id='word_1_36' title='bbox 432 1046 520 1108; x_wconf 75' lang='lat' dir='ltr'><strong>niam</strong></span> <span class='ocrx_word' id='word_1_37' title='bbox 544 1044 740 1124; x_wconf 83' lang='lat' dir='ltr'><strong>Augustum</strong></span> <span class='ocrx_word' id='word_1_38' title='bbox 765 1032 893 1105; x_wconf 87' lang='lat' dir='ltr'><strong>dieunt,</strong></span> <span class='ocrx_word' id='word_1_39' title='bbox 925 1051 966 1092; x_wconf 84' lang='lat' dir='ltr'><strong>ex</strong></span> <span class='ocrx_word' id='word_1_40' title='bbox 991 1031 1175 1114; x_wconf 78' lang='lat' dir='ltr'><strong>praereptis</strong></span> <span class='ocrx_word' id='word_1_41' title='bbox 1232 1029 1506 1112; x_wconf 82' lang='lat' dir='ltr'><strong>antiquariorum,</strong></span> <span class='ocrx_word' id='word_1_42' title='bbox 1529 1049 1567 1092; x_wconf 90' lang='lat' dir='ltr'><strong>ao</strong></span> <span class='ocrx_word' id='word_1_43' title='bbox 1592 1049 1718 1105; x_wconf 87' lang='lat' dir='ltr'><strong>meum,</strong></span> <span class='ocrx_word' id='word_1_44' title='bbox 1740 1029 1797 1114; x_wconf 83' lang='lat' dir='ltr'><strong>qui</strong></span> <span class='ocrx_word' id='word_1_45' title='bbox 1818 1033 1880 1094; x_wconf 69' lang='lat' dir='ltr'><strong>ho,</strong></span> <span class='ocrx_word' id='word_1_46' title='bbox 1906 1046 1978 1094; x_wconf 68' lang='lat' dir='ltr'><strong>mm</strong></span> 
     </span>
     <span class='ocr_line' id='line_1_6' title="bbox 432 1130 1980 1216; baseline -0.008 -8"><span class='ocrx_word' id='word_1_47' title='bbox 432 1148 589 1210; x_wconf 78' lang='lat' dir='ltr'><strong>haetenus</strong></span> <span class='ocrx_word' id='word_1_48' title='bbox 607 1139 689 1202; x_wconf 87' lang='lat' dir='ltr'><strong>datis</strong></span> <span class='ocrx_word' id='word_1_49' title='bbox 706 1149 780 1198; x_wconf 90' lang='lat' dir='ltr'><strong>ante</strong></span> <span class='ocrx_word' id='word_1_50' title='bbox 797 1132 977 1216; x_wconf 80' lang='lat' dir='ltr'><strong>Caligulam</strong></span> <span class='ocrx_word' id='word_1_51' title='bbox 995 1131 1089 1215; x_wconf 78' lang='lat' dir='ltr'><strong>feriri</strong></span> <span class='ocrx_word' id='word_1_52' title='bbox 1108 1151 1174 1192; x_wconf 92' lang='lat' dir='ltr'><strong>non</strong></span> <span class='ocrx_word' id='word_1_53' title='bbox 1233 1143 1362 1193; x_wconf 77' lang='lat' dir='ltr'><strong>secutus</strong></span> <span class='ocrx_word' id='word_1_54' title='bbox 1379 1153 1468 1207; x_wconf 82' lang='lat' dir='ltr'><strong>sum,</strong></span> <span class='ocrx_word' id='word_1_55' title='bbox 1484 1130 1658 1213; x_wconf 83' lang='lat' dir='ltr'><strong>judicium,</strong></span> <span class='ocrx_word' id='word_1_56' title='bbox 1682 1145 1716 1194; x_wconf 90' lang='lat' dir='ltr'><strong>et</strong></span> <span class='ocrx_word' id='word_1_57' title='bbox 1738 1133 1830 1193; x_wconf 87' lang='lat' dir='ltr'><strong>numi</strong></span> <span class='ocrx_word' id='word_1_58' title='bbox 1850 1153 1980 1208; x_wconf 78' lang='lat' dir='ltr'><strong>omnes,</strong></span> 
     </span>
     <span class='ocr_line' id='line_1_7' title="bbox 427 1229 1980 1332; baseline -0.023 -25"><span class='ocrx_word' id='word_1_59' title='bbox 427 1261 595 1332; x_wconf 83' lang='lat' dir='ltr'><strong>potuere,</strong></span> <span class='ocrx_word' id='word_1_60' title='bbox 635 1252 668 1304; x_wconf 88' lang='lat' dir='ltr'><strong>ot</strong></span> <span class='ocrx_word' id='word_1_61' title='bbox 701 1237 852 1322; x_wconf 83' lang='lat' dir='ltr'><strong>qnoniam</strong></span> <span class='ocrx_word' id='word_1_62' title='bbox 886 1255 925 1295; x_wconf 88' lang='lat' dir='ltr'><strong>ea</strong></span> <span class='ocrx_word' id='word_1_63' title='bbox 956 1229 1174 1296; x_wconf 78' lang='lat' dir='ltr'><strong>honorificum</strong></span> <span class='ocrx_word' id='word_1_64' title='bbox 1233 1233 1291 1317; x_wconf 90' lang='lat' dir='ltr'><strong>qui</strong></span> <span class='ocrx_word' id='word_1_65' title='bbox 1308 1232 1499 1315; x_wconf 76' lang='lat' dir='ltr'><strong>Vipsanium</strong></span> <span class='ocrx_word' id='word_1_66' title='bbox 1520 1232 1715 1316; x_wconf 83' lang='lat' dir='ltr'><strong>Agrippam,</strong></span> <span class='ocrx_word' id='word_1_67' title='bbox 1739 1245 1773 1294; x_wconf 69' lang='lat' dir='ltr'><strong>et</strong></span> <span class='ocrx_word' id='word_1_68' title='bbox 1794 1233 1980 1297; x_wconf 64' lang='lat' dir='ltr'>Proculum</span> 
     </span>
    </p>
   </div>
   <div class='ocr_carea' id='block_1_3' title="bbox 432 1333 2107 1420">
    <p class='ocr_par' dir='ltr' id='par_1_3' title="bbox 432 1333 2107 1420">
     <span class='ocr_line' id='line_1_8' title="bbox 432 1333 2107 1420; baseline -0.02 -9"><span class='ocrx_word' id='word_1_69' title='bbox 432 1350 521 1410; x_wconf 87' lang='lat' dir='ltr'><strong>huno</strong></span> <span class='ocrx_word' id='word_1_70' title='bbox 539 1344 669 1408; x_wconf 88' lang='lat' dir='ltr'><strong>titulum</strong></span> <span class='ocrx_word' id='word_1_71' title='bbox 686 1340 727 1402; x_wconf 85' lang='lat' dir='ltr'><strong>ab</strong></span> <span class='ocrx_word' id='word_1_72' title='bbox 744 1350 865 1420; x_wconf 87' lang='lat' dir='ltr'><strong>nepote</strong></span> <span class='ocrx_word' id='word_1_73' title='bbox 882 1334 1028 1416; x_wconf 79' lang='lat' dir='ltr'><strong>Caligula</strong></span> <span class='ocrx_word' id='word_1_74' title='bbox 1044 1335 1175 1396; x_wconf 89' lang='lat' dir='ltr'><strong>demum</strong></span> <span class='ocrx_word' id='word_1_75' title='bbox 1234 1333 1352 1398; x_wconf 82' lang='lat' dir='ltr'><strong>llriroa</strong></span> <span class='ocrx_word' id='word_1_76' title='bbox 1376 1333 1549 1410; x_wconf 78' lang='lat' dir='ltr'><strong>exhibent,</strong></span> <span class='ocrx_word' id='word_1_77' title='bbox 1573 1333 1740 1417; x_wconf 79' lang='lat' dir='ltr'><strong>Caligulae</strong></span> <span class='ocrx_word' id='word_1_78' title='bbox 1762 1336 1861 1396; x_wconf 73' lang='lat' dir='ltr'><strong>aerari</strong></span> <span class='ocrx_word' id='word_1_79' title='bbox 1884 1333 1982 1396; x_wconf 54' lang='lat' dir='ltr'><strong>reati.</strong></span> <span class='ocrx_word' id='word_1_80' title='bbox 2106 1351 2107 1358; x_wconf 49' lang='lat'><strong>.</strong></span> 
     </span>
    </p>
   </div>
   <div class='ocr_carea' id='block_1_4' title="bbox 434 1433 1986 2042">
    <p class='ocr_par' dir='ltr' id='par_1_4' title="bbox 434 1433 1986 1830">
     <span class='ocr_line' id='line_1_9' title="bbox 434 1433 1980 1524; baseline -0.012 -9"><span class='ocrx_word' id='word_1_81' title='bbox 434 1449 583 1524; x_wconf 78' lang='lat' dir='ltr'><strong>abstulit,</strong></span> <span class='ocrx_word' id='word_1_82' title='bbox 617 1442 832 1504; x_wconf 87' lang='lat' dir='ltr'><strong>indubitatum</strong></span> <span class='ocrx_word' id='word_1_83' title='bbox 864 1450 933 1512; x_wconf 84' lang='lat' dir='ltr'><strong>eat,</strong></span> <span class='ocrx_word' id='word_1_84' title='bbox 970 1437 1030 1497; x_wconf 81' lang='lat' dir='ltr'><strong>hoo</strong></span> <span class='ocrx_word' id='word_1_85' title='bbox 1059 1455 1176 1516; x_wconf 78' lang='lat' dir='ltr'><strong>numos</strong></span> <span class='ocrx_word' id='word_1_86' title='bbox 1235 1433 1356 1497; x_wconf 87' lang='lat' dir='ltr'><strong>tuendi.</strong></span> <span class='ocrx_word' id='word_1_87' title='bbox 1391 1435 1519 1500; x_wconf 81' lang='lat' dir='ltr'><strong>Novum</strong></span> <span class='ocrx_word' id='word_1_88' title='bbox 1546 1433 1647 1518; x_wconf 89' lang='lat' dir='ltr'><strong>igitur</strong></span> <span class='ocrx_word' id='word_1_89' title='bbox 1668 1448 1897 1518; x_wconf 81' lang='lat' dir='ltr'><strong>argumentum</strong></span> <span class='ocrx_word' id='word_1_90' title='bbox 1923 1435 1980 1499; x_wconf 86' lang='lat' dir='ltr'><strong>ha·</strong></span> 
     </span>
     <span class='ocr_line' id='line_1_10' title="bbox 435 1534 1984 1628; baseline -0.01 -13"><span class='ocrx_word' id='word_1_91' title='bbox 435 1551 497 1615; x_wconf 79' lang='lat' dir='ltr'><strong>rub</strong></span> <span class='ocrx_word' id='word_1_92' title='bbox 522 1543 668 1628; x_wconf 79' lang='lat' dir='ltr'><strong>Caligula</strong></span> <span class='ocrx_word' id='word_1_93' title='bbox 691 1543 800 1604; x_wconf 84' lang='lat' dir='ltr'><strong>lucem</strong></span> <span class='ocrx_word' id='word_1_94' title='bbox 822 1539 952 1604; x_wconf 78' lang='lat' dir='ltr'><strong>vidisse.</strong></span> <span class='ocrx_word' id='word_1_95' title='bbox 985 1539 1076 1619; x_wconf 86' lang='lat' dir='ltr'><strong>Ergo</strong></span> <span class='ocrx_word' id='word_1_96' title='bbox 1102 1556 1177 1598; x_wconf 86' lang='lat' dir='ltr'><strong>cunr</strong></span> <span class='ocrx_word' id='word_1_97' title='bbox 1235 1536 1367 1613; x_wconf 84' lang='lat' dir='ltr'><strong>bemus,</strong></span> <span class='ocrx_word' id='word_1_98' title='bbox 1390 1559 1484 1622; x_wconf 89' lang='lat' dir='ltr'><strong>quam</strong></span> <span class='ocrx_word' id='word_1_99' title='bbox 1503 1557 1616 1620; x_wconf 84' lang='lat' dir='ltr'><strong>parum</strong></span> <span class='ocrx_word' id='word_1_100' title='bbox 1639 1534 1716 1597; x_wconf 85' lang='lat' dir='ltr'><strong>lidei</strong></span> <span class='ocrx_word' id='word_1_101' title='bbox 1735 1535 1860 1598; x_wconf 80' lang='lat' dir='ltr'><strong>habere</strong></span> <span class='ocrx_word' id='word_1_102' title='bbox 1882 1535 1984 1600; x_wconf 84' lang='lat' dir='ltr'><strong>liceat</strong></span> 
     </span>
     <span class='ocr_line' id='line_1_11' title="bbox 434 1634 1986 1723; baseline -0.01 -8"><span class='ocrx_word' id='word_1_103' title='bbox 434 1655 469 1715; x_wconf 92' lang='lat' dir='ltr'><strong>iu</strong></span> <span class='ocrx_word' id='word_1_104' title='bbox 492 1649 599 1714; x_wconf 76' lang='lat' dir='ltr'><strong>numia</strong></span> <span class='ocrx_word' id='word_1_105' title='bbox 618 1645 777 1707; x_wconf 80' lang='lat' dir='ltr'><strong>Antoniae</strong></span> <span class='ocrx_word' id='word_1_106' title='bbox 797 1643 843 1705; x_wconf 84' lang='lat' dir='ltr'><strong>M.</strong></span> <span class='ocrx_word' id='word_1_107' title='bbox 856 1641 983 1701; x_wconf 82' lang='lat' dir='ltr'><strong>Belliuo</strong></span> <span class='ocrx_word' id='word_1_108' title='bbox 1000 1638 1177 1715; x_wconf 76' lang='lat' dir='ltr'><strong>Proculus,</strong></span> <span class='ocrx_word' id='word_1_109' title='bbox 1234 1637 1461 1714; x_wconf 78' lang='lat' dir='ltr'><strong>lineamentis,</strong></span> <span class='ocrx_word' id='word_1_110' title='bbox 1494 1658 1576 1723; x_wconf 89' lang='lat' dir='ltr'><strong>quae</strong></span> <span class='ocrx_word' id='word_1_111' title='bbox 1600 1634 1749 1700; x_wconf 77' lang='lat' dir='ltr'><strong>&#39;offerunt</strong></span> <span class='ocrx_word' id='word_1_112' title='bbox 1774 1637 1868 1700; x_wconf 89' lang='lat' dir='ltr'><strong>numi</strong></span> <span class='ocrx_word' id='word_1_113' title='bbox 1895 1657 1986 1700; x_wconf 87' lang='lat' dir='ltr'><strong>com·</strong></span> 
     </span>
     <span class='ocr_line' id='line_1_12' title="bbox 436 1739 1526 1830; baseline -0.009 -17"><span class='ocrx_word' id='word_1_114' title='bbox 436 1768 472 1817; x_wconf 83' lang='lat' dir='ltr'><strong>et</strong></span> <span class='ocrx_word' id='word_1_115' title='bbox 501 1754 540 1816; x_wconf 89' lang='lat' dir='ltr'><strong>P.</strong></span> <span class='ocrx_word' id='word_1_116' title='bbox 562 1746 735 1830; x_wconf 72' lang='lat' dir='ltr'><strong>Vipsanius</strong></span> <span class='ocrx_word' id='word_1_117' title='bbox 763 1742 909 1826; x_wconf 80' lang='lat' dir='ltr'><strong>Agrippa</strong></span> <span class='ocrx_word' id='word_1_118' title='bbox 938 1739 1030 1804; x_wconf 85' lang='lat' dir='ltr'><strong>llviri</strong></span> <span class='ocrx_word' id='word_1_119' title='bbox 1057 1760 1179 1802; x_wconf 87' lang='lat' dir='ltr'><strong>memo·</strong></span> <span class='ocrx_word' id='word_1_120' title='bbox 1236 1741 1329 1807; x_wconf 82' lang='lat' dir='ltr'><strong>matis</strong></span> <span class='ocrx_word' id='word_1_121' title='bbox 1348 1739 1526 1823; x_wconf 81' lang='lat' dir='ltr'><strong>peregrini.</strong></span> 
     </span>
    </p>

    <p class='ocr_par' dir='ltr' id='par_1_5' title="bbox 438 1835 1986 2042">
     <span class='ocr_line' id='line_1_13' title="bbox 438 1835 1986 1930; baseline -0.01 -12"><span class='ocrx_word' id='word_1_122' title='bbox 438 1867 570 1926; x_wconf 82' lang='lat' dir='ltr'><strong>rentur,</strong></span> <span class='ocrx_word' id='word_1_123' title='bbox 598 1867 734 1912; x_wconf 76' lang='lat' dir='ltr'><strong>necesse</strong></span> <span class='ocrx_word' id='word_1_124' title='bbox 757 1858 824 1919; x_wconf 77' lang='lat' dir='ltr'><strong>eut,</strong></span> <span class='ocrx_word' id='word_1_125' title='bbox 847 1862 972 1930; x_wconf 75' lang='lat' dir='ltr'><strong>numos¹</strong></span> <span class='ocrx_word' id='word_1_126' title='bbox 986 1841 1178 1924; x_wconf 74' lang='lat' dir='ltr'><strong>inscriptos:</strong></span> <span class='ocrx_word' id='word_1_127' title='bbox 1302 1840 1530 1905; x_wconf 71' lang='lat' dir='ltr'><strong>Alexandrini</strong></span> <span class='ocrx_word' id='word_1_128' title='bbox 1541 1840 1620 1904; x_wconf 88' lang='lat' dir='ltr'><strong>item</strong></span> <span class='ocrx_word' id='word_1_129' title='bbox 1635 1837 1694 1904; x_wconf 79' lang='lat' dir='ltr'><strong>aab</strong></span> <span class='ocrx_word' id='word_1_130' title='bbox 1709 1837 1848 1904; x_wconf 87' lang='lat' dir='ltr'><strong>Claudio</strong></span> <span class='ocrx_word' id='word_1_131' title='bbox 1863 1835 1986 1924; x_wconf 78' lang='lat' dir='ltr'><strong>signati</strong></span> 
     </span>
     <span class='ocr_line' id='line_1_14' title="bbox 438 1942 1384 2042; baseline -0.02 -21"><span class='ocrx_word' id='word_1_132' title='bbox 438 1958 481 2022; x_wconf 87' lang='lat' dir='ltr'><strong>C..</strong></span> <span class='ocrx_word' id='word_1_133' title='bbox 496 1951 677 2021; x_wconf 72' lang='lat' dir='ltr'><strong>CAESAR.</strong></span> <span class='ocrx_word' id='word_1_134' title='bbox 695 1946 933 2018; x_wconf 73' lang='lat' dir='ltr'><strong>Avevsrvs</strong></span> <span class='ocrx_word' id='word_1_135' title='bbox 956 1942 1076 2006; x_wconf 89' lang='lat' dir='ltr'><strong>eodem</strong></span> <span class='ocrx_word' id='word_1_136' title='bbox 1101 1956 1186 2042; x_wconf 55' lang='lat' dir='ltr'><strong>tem:</strong></span> <span class='ocrx_word' id='word_1_137' title='bbox 1238 1953 1384 2006; x_wconf 73' lang='lat' dir='ltr'><strong>exstant..</strong></span> 
     </span>
    </p>
   </div>
   <div class='ocr_carea' id='block_1_5' title="bbox 545 2429 1783 2901">
    <p class='ocr_par' dir='ltr' id='par_1_6' title="bbox 636 2429 1068 2496">
     <span class='ocr_line' id='line_1_15' title="bbox 636 2429 1068 2496; baseline -0.016 0"><span class='ocrx_word' id='word_1_138' title='bbox 636 2434 744 2496; x_wconf 79' lang='lat' dir='ltr'><strong>Aenei</strong></span> <span class='ocrx_word' id='word_1_139' title='bbox 765 2435 788 2494; x_wconf 88' lang='lat'><strong>1.</strong></span> <span class='ocrx_word' id='word_1_140' title='bbox 811 2445 845 2496; x_wconf 90' lang='lat' dir='ltr'><strong>et</strong></span> <span class='ocrx_word' id='word_1_141' title='bbox 866 2433 922 2496; x_wconf 89' lang='lat'><strong>111.</strong></span> <span class='ocrx_word' id='word_1_142' title='bbox 943 2429 1068 2492; x_wconf 83' lang='lat' dir='ltr'><strong>formae</strong></span> 
     </span>
    </p>

    <p class='ocr_par' dir='ltr' id='par_1_7' title="bbox 637 2521 1706 2597">
     <span class='ocr_line' id='line_1_16' title="bbox 637 2521 1706 2597; baseline -0.008 0"><span class='ocrx_word' id='word_1_143' title='bbox 637 2535 745 2597; x_wconf 81' lang='lat' dir='ltr'><strong>Aenei</strong></span> <span class='ocrx_word' id='word_1_144' title='bbox 765 2535 805 2594; x_wconf 91' lang='lat' dir='ltr'><strong>ll.</strong></span> <span class='ocrx_word' id='word_1_145' title='bbox 828 2532 953 2594; x_wconf 82' lang='lat' dir='ltr'><strong>formae</strong></span> <span class='ocrx_word' id='word_1_146' title='bbox 979 2562 1473 2579; x_wconf 91' lang='lat'>······</span> <span class='ocrx_word' id='word_1_147' title='bbox 1513 2521 1515 2526; x_wconf 70' lang='grc'><strong>’</strong></span> <span class='ocrx_word' id='word_1_148' title='bbox 1555 2559 1568 2577; x_wconf 84' lang='grc'><strong>-</strong></span> <span class='ocrx_word' id='word_1_149' title='bbox 1652 2527 1706 2588; x_wconf 80' lang='grc'><strong>0.·</strong></span> 
     </span>
    </p>

    <p class='ocr_par' dir='ltr' id='par_1_8' title="bbox 545 2630 1783 2801">
     <span class='ocr_line' id='line_1_17' title="bbox 637 2630 1755 2697; baseline -0.019 -1"><span class='ocrx_word' id='word_1_150' title='bbox 637 2635 737 2697; x_wconf 84' lang='lat' dir='ltr'><strong>Numi</strong></span> <span class='ocrx_word' id='word_1_151' title='bbox 759 2633 878 2696; x_wconf 85' lang='lat' dir='ltr'><strong>Graeci</strong></span> <span class='ocrx_word' id='word_1_152' title='bbox 978 2661 1571 2680; x_wconf 92' lang='grc'><strong><em>.......</em></strong></span> <span class='ocrx_word' id='word_1_153' title='bbox 1653 2630 1755 2690; x_wconf 73' lang='lat' dir='ltr'><strong>fflffl,</strong></span> 
     </span>
     <span class='ocr_line' id='line_1_18' title="bbox 545 2728 1783 2801; baseline -0.023 2"><span class='ocrx_word' id='word_1_154' title='bbox 545 2728 551 2736; x_wconf 40' lang='lat'>⁸</span> <span class='ocrx_word' id='word_1_155' title='bbox 637 2735 847 2801; x_wconf 89' lang='lat' dir='ltr'><strong>Coloniarum</strong></span> <span class='ocrx_word' id='word_1_156' title='bbox 880 2763 1569 2785; x_wconf 86' lang='lat'><strong>········</strong></span> <span class='ocrx_word' id='word_1_157' title='bbox 1652 2729 1783 2795; x_wconf 58' lang='lat' dir='ltr'><strong>mum,</strong></span> 
     </span>
    </p>

    <p class='ocr_par' dir='ltr' id='par_1_9' title="bbox 638 2832 1758 2901">
     <span class='ocr_line' id='line_1_19' title="bbox 638 2832 1758 2901; baseline -0.011 0"><span class='ocrx_word' id='word_1_158' title='bbox 638 2832 851 2901; x_wconf 75' lang='lat' dir='ltr'><strong>Alexandrini</strong></span> <span class='ocrx_word' id='word_1_159' title='bbox 884 2865 1579 2885; x_wconf 85' lang='lat'><strong>·········</strong></span> <span class='ocrx_word' id='word_1_160' title='bbox 1655 2832 1758 2901; x_wconf 71' lang='lat' dir='ltr'><strong>tutu.</strong></span> 
     </span>
    </p>
   </div>
   <div class='ocr_carea' id='block_1_6' title="bbox 943 3243 1487 3313">
    <p class='ocr_par' dir='ltr' id='par_1_10' title="bbox 943 3243 1487 3313">
     <span class='ocr_line' id='line_1_20' title="bbox 943 3243 1487 3313; baseline 0.007 -8"><span class='ocrx_word' id='word_1_161' title='bbox 943 3243 1260 3310; x_wconf 81' lang='lat' dir='ltr'><strong>TIBERIVS</strong></span> <span class='ocrx_word' id='word_1_162' title='bbox 1305 3244 1487 3313; x_wconf 60' lang='lat' dir='ltr'><strong>mutto.</strong></span> 
     </span>
    </p>
   </div>
   <div class='ocr_carea' id='block_1_7' title="bbox 348 3410 2020 4518">
    <p class='ocr_par' dir='ltr' id='par_1_11' title="bbox 348 3410 2020 4518">
     <span class='ocr_line' id='line_1_21' title="bbox 509 3410 1994 3499; baseline -0.003 -21"><span class='ocrx_word' id='word_1_163' title='bbox 509 3415 562 3481; x_wconf 81' lang='lat' dir='ltr'><strong>ri.</strong></span> <span class='ocrx_word' id='word_1_164' title='bbox 582 3411 735 3481; x_wconf 74' lang='lat' dir='ltr'><strong>Claudius</strong></span> <span class='ocrx_word' id='word_1_165' title='bbox 756 3410 846 3473; x_wconf 80' lang='lat' dir='ltr'><strong>Nero</strong></span> <span class='ocrx_word' id='word_1_166' title='bbox 868 3422 961 3473; x_wconf 80' lang='lat' dir='ltr'><strong>natur</strong></span> <span class='ocrx_word' id='word_1_167' title='bbox 986 3430 1028 3475; x_wconf 83' lang='lat' dir='ltr'><strong>ex</strong></span> <span class='ocrx_word' id='word_1_168' title='bbox 1050 3414 1186 3496; x_wconf 80' lang='lat' dir='ltr'><strong>patricia</strong></span> <span class='ocrx_word' id='word_1_169' title='bbox 1244 3425 1410 3494; x_wconf 86' lang='lat' dir='ltr'><strong>octavum,</strong></span> <span class='ocrx_word' id='word_1_170' title='bbox 1444 3428 1478 3478; x_wconf 90' lang='lat' dir='ltr'><strong>et</strong></span> <span class='ocrx_word' id='word_1_171' title='bbox 1500 3412 1775 3499; x_wconf 76' lang='lat' dir='ltr'><strong>septuagesimum</strong></span> <span class='ocrx_word' id='word_1_172' title='bbox 1797 3411 1914 3475; x_wconf 80' lang='lat' dir='ltr'><strong>aetatis</strong></span> <span class='ocrx_word' id='word_1_173' title='bbox 1936 3412 1994 3475; x_wconf 74' lang='lat' dir='ltr'><strong>an·</strong></span> 
     </span>
     <span class='ocr_line' id='line_1_22' title="bbox 446 3513 1992 3601; baseline -0.006 -17"><span class='ocrx_word' id='word_1_174' title='bbox 446 3519 657 3584; x_wconf 83' lang='lat' dir='ltr'><strong>Claudiorum</strong></span> <span class='ocrx_word' id='word_1_175' title='bbox 685 3513 807 3579; x_wconf 80' lang='lat' dir='ltr'><strong>familia</strong></span> <span class='ocrx_word' id='word_1_176' title='bbox 836 3532 911 3575; x_wconf 88' lang='lat' dir='ltr'><strong>eum</strong></span> <span class='ocrx_word' id='word_1_177' title='bbox 941 3532 982 3575; x_wconf 86' lang='lat' dir='ltr'><strong>ex</strong></span> <span class='ocrx_word' id='word_1_178' title='bbox 1010 3528 1103 3596; x_wconf 87' lang='lat' dir='ltr'><strong>patre</strong></span> <span class='ocrx_word' id='word_1_179' title='bbox 1133 3516 1185 3580; x_wconf 85' lang='lat' dir='ltr'><strong>Ti.</strong></span> <span class='ocrx_word' id='word_1_180' title='bbox 1242 3538 1321 3579; x_wconf 89' lang='lat' dir='ltr'><strong>num</strong></span> <span class='ocrx_word' id='word_1_181' title='bbox 1340 3518 1448 3601; x_wconf 78' lang='lat' dir='ltr'><strong>egisse</strong></span> <span class='ocrx_word' id='word_1_182' title='bbox 1467 3516 1564 3579; x_wconf 80' lang='lat' dir='ltr'><strong>tradit</strong></span> <span class='ocrx_word' id='word_1_183' title='bbox 1580 3519 1629 3597; x_wconf 78' lang='lat'><strong>⁰),</strong></span> <span class='ocrx_word' id='word_1_184' title='bbox 1653 3529 1688 3579; x_wconf 87' lang='lat' dir='ltr'><strong>et</strong></span> <span class='ocrx_word' id='word_1_185' title='bbox 1706 3515 1816 3577; x_wconf 88' lang='lat' dir='ltr'><strong>Dione</strong></span> <span class='ocrx_word' id='word_1_186' title='bbox 1832 3513 1877 3597; x_wconf 83' lang='lat' dir='ltr'><strong>d).</strong></span> <span class='ocrx_word' id='word_1_187' title='bbox 1907 3514 1992 3576; x_wconf 79' lang='lat' dir='ltr'><strong>Dira</strong></span> 
     </span>
     <span class='ocr_line' id='line_1_23' title="bbox 447 3602 1997 3699; baseline -0.007 -12"><span class='ocrx_word' id='word_1_188' title='bbox 447 3622 585 3687; x_wconf 85' lang='lat' dir='ltr'><strong>Claudio</strong></span> <span class='ocrx_word' id='word_1_189' title='bbox 607 3623 766 3692; x_wconf 78' lang='lat' dir='ltr'><strong>Nerone,</strong></span> <span class='ocrx_word' id='word_1_190' title='bbox 797 3627 867 3675; x_wconf 87' lang='lat' dir='ltr'><strong>tum</strong></span> <span class='ocrx_word' id='word_1_191' title='bbox 896 3634 939 3676; x_wconf 88' lang='lat' dir='ltr'><strong>ex</strong></span> <span class='ocrx_word' id='word_1_192' title='bbox 967 3627 1070 3677; x_wconf 88' lang='lat' dir='ltr'><strong>matre</strong></span> <span class='ocrx_word' id='word_1_193' title='bbox 1097 3615 1189 3681; x_wconf 82' lang='lat' dir='ltr'><strong>Livia</strong></span> <span class='ocrx_word' id='word_1_194' title='bbox 1246 3620 1419 3684; x_wconf 75' lang='lat' dir='ltr'><strong>nativitatis</strong></span> <span class='ocrx_word' id='word_1_195' title='bbox 1446 3617 1509 3681; x_wconf 87' lang='lat' dir='ltr'><strong>fuit</strong></span> <span class='ocrx_word' id='word_1_196' title='bbox 1537 3619 1624 3686; x_wconf 83' lang='lat' dir='ltr'><strong>XVI·</strong></span> <span class='ocrx_word' id='word_1_197' title='bbox 1646 3602 1844 3683; x_wconf 73' lang='lat' dir='ltr'><strong>Novembris</strong></span> <span class='ocrx_word' id='word_1_198' title='bbox 1867 3620 1911 3699; x_wconf 74' lang='lat' dir='ltr'><strong>e).</strong></span> <span class='ocrx_word' id='word_1_199' title='bbox 1944 3618 1997 3677; x_wconf 89' lang='lat' dir='ltr'><strong>ln·</strong></span> 
     </span>
     <span class='ocr_line' id='line_1_24' title="bbox 447 3716 1996 3805; baseline -0.004 -18"><span class='ocrx_word' id='word_1_200' title='bbox 447 3724 614 3799; x_wconf 74' lang='lat' dir='ltr'><strong>Drusilla,</strong></span> <span class='ocrx_word' id='word_1_201' title='bbox 646 3718 737 3803; x_wconf 75' lang='lat' dir='ltr'><strong>eujus</strong></span> <span class='ocrx_word' id='word_1_202' title='bbox 765 3737 846 3802; x_wconf 82' lang='lat' dir='ltr'><strong>geno</strong></span> <span class='ocrx_word' id='word_1_203' title='bbox 872 3716 1027 3779; x_wconf 85' lang='lat' dir='ltr'><strong>naturalia</strong></span> <span class='ocrx_word' id='word_1_204' title='bbox 1054 3716 1190 3781; x_wconf 84' lang='lat' dir='ltr'><strong>Claudia</strong></span> <span class='ocrx_word' id='word_1_205' title='bbox 1246 3720 1378 3783; x_wconf 86' lang='lat' dir='ltr'><strong>fantiam</strong></span> <span class='ocrx_word' id='word_1_206' title='bbox 1433 3718 1543 3784; x_wconf 88' lang='lat' dir='ltr'><strong>habuit</strong></span> <span class='ocrx_word' id='word_1_207' title='bbox 1601 3721 1746 3805; x_wconf 82' lang='lat' dir='ltr'><strong>graviter</strong></span> <span class='ocrx_word' id='word_1_208' title='bbox 1801 3718 1996 3783; x_wconf 81' lang='lat' dir='ltr'><strong>exercitam.</strong></span> 
     </span>
     <span class='ocr_line' id='line_1_25' title="bbox 451 3818 2020 3906; baseline -0.004 -17"><span class='ocrx_word' id='word_1_209' title='bbox 451 3828 532 3889; x_wconf 91' lang='lat' dir='ltr'><strong>item</strong></span> <span class='ocrx_word' id='word_1_210' title='bbox 559 3825 638 3901; x_wconf 82' lang='lat' dir='ltr'><strong>fuit,</strong></span> <span class='ocrx_word' id='word_1_211' title='bbox 666 3842 781 3886; x_wconf 80' lang='lat' dir='ltr'><strong>verum</strong></span> <span class='ocrx_word' id='word_1_212' title='bbox 809 3818 879 3899; x_wconf 86' lang='lat' dir='ltr'><strong>ejus</strong></span> <span class='ocrx_word' id='word_1_213' title='bbox 906 3831 999 3903; x_wconf 89' lang='lat' dir='ltr'><strong>patre</strong></span> <span class='ocrx_word' id='word_1_214' title='bbox 1025 3818 1060 3879; x_wconf 89' lang='lat' dir='ltr'><strong>iu</strong></span> <span class='ocrx_word' id='word_1_215' title='bbox 1081 3818 1191 3882; x_wconf 82' lang='lat' dir='ltr'><strong>Livio·</strong></span> <span class='ocrx_word' id='word_1_216' title='bbox 1247 3822 1329 3884; x_wconf 84' lang='lat' dir='ltr'><strong>Nam</strong></span> <span class='ocrx_word' id='word_1_217' title='bbox 1348 3842 1422 3885; x_wconf 90' lang='lat' dir='ltr'><strong>oum</strong></span> <span class='ocrx_word' id='word_1_218' title='bbox 1440 3844 1477 3886; x_wconf 84' lang='lat' dir='ltr'><strong>ae</strong></span> <span class='ocrx_word' id='word_1_219' title='bbox 1496 3837 1589 3906; x_wconf 89' lang='lat' dir='ltr'><strong>pater</strong></span> <span class='ocrx_word' id='word_1_220' title='bbox 1604 3824 1645 3887; x_wconf 87' lang='lat' dir='ltr'><strong>L.</strong></span> <span class='ocrx_word' id='word_1_221' title='bbox 1660 3820 1803 3887; x_wconf 86' lang='lat' dir='ltr'><strong>Antonio</strong></span> <span class='ocrx_word' id='word_1_222' title='bbox 1820 3822 2020 3905; x_wconf 47' lang='lat' dir='ltr'><strong>applicuisg</strong></span> 
     </span>
     <span class='ocr_line' id='line_1_26' title="bbox 450 3919 1999 4009; baseline -0.006 -16"><span class='ocrx_word' id='word_1_223' title='bbox 450 3950 526 3993; x_wconf 88' lang='lat' dir='ltr'><strong>rum</strong></span> <span class='ocrx_word' id='word_1_224' title='bbox 545 3925 698 3989; x_wconf 82' lang='lat' dir='ltr'><strong>familiam</strong></span> <span class='ocrx_word' id='word_1_225' title='bbox 721 3922 872 4003; x_wconf 84' lang='lat' dir='ltr'><strong>adoptato</strong></span> <span class='ocrx_word' id='word_1_226' title='bbox 893 3919 969 3983; x_wconf 87' lang='lat' dir='ltr'><strong>huie</strong></span> <span class='ocrx_word' id='word_1_227' title='bbox 986 3941 1027 3984; x_wconf 82' lang='lat' dir='ltr'><strong>er</strong></span> <span class='ocrx_word' id='word_1_228' title='bbox 1044 3922 1191 4004; x_wconf 84' lang='lat' dir='ltr'><strong>adoptio·</strong></span> <span class='ocrx_word' id='word_1_229' title='bbox 1249 3935 1316 4000; x_wconf 77' lang='lat' dir='ltr'><strong>oet,</strong></span> <span class='ocrx_word' id='word_1_230' title='bbox 1347 3937 1443 4007; x_wconf 88' lang='lat' dir='ltr'><strong>atquo</strong></span> <span class='ocrx_word' id='word_1_231' title='bbox 1474 3924 1569 4009; x_wconf 80' lang='lat' dir='ltr'><strong>hujus</strong></span> <span class='ocrx_word' id='word_1_232' title='bbox 1600 3922 1704 3987; x_wconf 77' lang='lat' dir='ltr'><strong>turbio</strong></span> <span class='ocrx_word' id='word_1_233' title='bbox 1732 3937 1826 4008; x_wconf 86' lang='lat' dir='ltr'><strong>capta</strong></span> <span class='ocrx_word' id='word_1_234' title='bbox 1853 3923 1999 3987; x_wconf 86' lang='lat' dir='ltr'><strong>Perusia</strong></span> 
     </span>
     <span class='ocr_line' id='line_1_27' title="bbox 449 4019 1999 4111; baseline -0.005 -19"><span class='ocrx_word' id='word_1_235' title='bbox 449 4030 500 4094; x_wconf 79' lang='lat' dir='ltr'><strong>nis</strong></span> <span class='ocrx_word' id='word_1_236' title='bbox 520 4029 597 4111; x_wconf 89' lang='lat' dir='ltr'><strong>lege</strong></span> <span class='ocrx_word' id='word_1_237' title='bbox 619 4026 827 4087; x_wconf 86' lang='lat' dir='ltr'><strong>adnumerata</strong></span> <span class='ocrx_word' id='word_1_238' title='bbox 848 4019 910 4081; x_wconf 87' lang='lat' dir='ltr'><strong>fuit</strong></span> <span class='ocrx_word' id='word_1_239' title='bbox 933 4024 972 4103; x_wconf 81' lang='lat'><strong>¹).</strong></span> <span class='ocrx_word' id='word_1_240' title='bbox 1009 4022 1111 4087; x_wconf 79' lang='lat' dir='ltr'><strong>Natus</strong></span> <span class='ocrx_word' id='word_1_241' title='bbox 1140 4036 1191 4087; x_wconf 82' lang='lat' dir='ltr'><strong>est</strong></span> <span class='ocrx_word' id='word_1_242' title='bbox 1247 4022 1320 4086; x_wconf 82' lang='lat' dir='ltr'><strong>linia</strong></span> <span class='ocrx_word' id='word_1_243' title='bbox 1350 4038 1437 4088; x_wconf 78' lang='lat' dir='ltr'><strong>esset</strong></span> <span class='ocrx_word' id='word_1_244' title='bbox 1464 4026 1635 4109; x_wconf 76' lang='lat' dir='ltr'><strong>imponitur</strong></span> <span class='ocrx_word' id='word_1_245' title='bbox 1666 4026 1708 4093; x_wconf 87' lang='lat' dir='ltr'><strong>V.</strong></span> <span class='ocrx_word' id='word_1_246' title='bbox 1730 4026 1767 4089; x_wconf 87' lang='lat' dir='ltr'><strong>C.</strong></span> <span class='ocrx_word' id='word_1_247' title='bbox 1796 4024 1877 4105; x_wconf 84' lang='lat'><strong>713,</strong></span> <span class='ocrx_word' id='word_1_248' title='bbox 1918 4023 1999 4086; x_wconf 88' lang='lat' dir='ltr'><strong>reli·</strong></span> 
     </span>
     <span class='ocr_line' id='line_1_28' title="bbox 451 4122 2000 4211; baseline -0.005 -14"><span class='ocrx_word' id='word_1_249' title='bbox 451 4130 595 4197; x_wconf 79' lang='lat' dir='ltr'><strong>Aemilio</strong></span> <span class='ocrx_word' id='word_1_250' title='bbox 630 4124 778 4210; x_wconf 88' lang='lat' dir='ltr'><strong>Lepido,</strong></span> <span class='ocrx_word' id='word_1_251' title='bbox 818 4134 852 4183; x_wconf 88' lang='lat' dir='ltr'><strong>et</strong></span> <span class='ocrx_word' id='word_1_252' title='bbox 886 4122 1031 4187; x_wconf 85' lang='lat' dir='ltr'><strong>Munatio</strong></span> <span class='ocrx_word' id='word_1_253' title='bbox 1067 4124 1192 4190; x_wconf 83' lang='lat' dir='ltr'><strong>Planco</strong></span> <span class='ocrx_word' id='word_1_254' title='bbox 1248 4126 1320 4211; x_wconf 86' lang='lat' dir='ltr'><strong>quia</strong></span> <span class='ocrx_word' id='word_1_255' title='bbox 1347 4149 1366 4190; x_wconf 91' lang='lat' dir='ltr'><strong>a</strong></span> <span class='ocrx_word' id='word_1_256' title='bbox 1393 4126 1534 4192; x_wconf 81' lang='lat' dir='ltr'><strong>faotione</strong></span> <span class='ocrx_word' id='word_1_257' title='bbox 1560 4124 1802 4191; x_wconf 69' lang='lat' dir='ltr'><strong>discedentibus</strong></span> <span class='ocrx_word' id='word_1_258' title='bbox 1832 4125 2000 4189; x_wconf 76' lang='lat' dir='ltr'><strong>dissidere</strong></span> 
     </span>
     <span class='ocr_line' id='line_1_29' title="bbox 348 4226 1995 4319; baseline 0.002 -27"><span class='ocrx_word' id='word_1_259' title='bbox 348 4286 354 4299; x_wconf 92' lang='grc'>,</span> <span class='ocrx_word' id='word_1_260' title='bbox 451 4257 517 4301; x_wconf 67' lang='lat'><strong>00⁵.</strong></span> <span class='ocrx_word' id='word_1_261' title='bbox 539 4234 582 4302; x_wconf 83' lang='lat' dir='ltr'><strong>V.</strong></span> <span class='ocrx_word' id='word_1_262' title='bbox 605 4231 642 4292; x_wconf 87' lang='lat' dir='ltr'><strong>C.</strong></span> <span class='ocrx_word' id='word_1_263' title='bbox 668 4244 749 4309; x_wconf 75' lang='lat'><strong>712,</strong></span> <span class='ocrx_word' id='word_1_264' title='bbox 778 4236 815 4289; x_wconf 88' lang='lat' dir='ltr'><strong>ut</strong></span> <span class='ocrx_word' id='word_1_265' title='bbox 840 4246 884 4289; x_wconf 90' lang='lat' dir='ltr'><strong>ex</strong></span> <span class='ocrx_word' id='word_1_266' title='bbox 910 4226 1007 4303; x_wconf 85' lang='lat' dir='ltr'><strong>actia,</strong></span> <span class='ocrx_word' id='word_1_267' title='bbox 1034 4226 1190 4313; x_wconf 65' lang='lat' dir='ltr'><strong>stansque</strong></span> <span class='ocrx_word' id='word_1_268' title='bbox 1247 4228 1318 4313; x_wconf 82' lang='lat' dir='ltr'><strong>ipae</strong></span> <span class='ocrx_word' id='word_1_269' title='bbox 1344 4226 1384 4292; x_wconf 90' lang='lat' dir='ltr'><strong>ab</strong></span> <span class='ocrx_word' id='word_1_270' title='bbox 1406 4227 1586 4295; x_wconf 80' lang='lat' dir='ltr'><strong>Octaviano</strong></span> <span class='ocrx_word' id='word_1_271' title='bbox 1609 4230 1772 4313; x_wconf 90' lang='lat' dir='ltr'><strong>perrexit,</strong></span> <span class='ocrx_word' id='word_1_272' title='bbox 1798 4230 1995 4319; x_wconf 86' lang='lat' dir='ltr'><strong>bellumque</strong></span> 
     </span>
     <span class='ocr_line' id='line_1_30' title="bbox 453 4326 1997 4417; baseline -0.003 -18"><span class='ocrx_word' id='word_1_273' title='bbox 453 4334 590 4417; x_wconf 88' lang='lat' dir='ltr'><strong>eollegit</strong></span> <span class='ocrx_word' id='word_1_274' title='bbox 610 4327 784 4395; x_wconf 74' lang='lat' dir='ltr'><strong>Suetonius</strong></span> <span class='ocrx_word' id='word_1_275' title='bbox 806 4326 860 4409; x_wconf 75' lang='lat' dir='ltr'><strong>b),</strong></span> <span class='ocrx_word' id='word_1_276' title='bbox 891 4340 926 4390; x_wconf 89' lang='lat' dir='ltr'><strong>et</strong></span> <span class='ocrx_word' id='word_1_277' title='bbox 954 4327 1122 4413; x_wconf 85' lang='lat' dir='ltr'><strong>colligitur</strong></span> <span class='ocrx_word' id='word_1_278' title='bbox 1149 4351 1191 4393; x_wconf 85' lang='lat' dir='ltr'><strong>ex</strong></span> <span class='ocrx_word' id='word_1_279' title='bbox 1248 4352 1370 4395; x_wconf 85' lang='lat' dir='ltr'><strong>norum</strong></span> <span class='ocrx_word' id='word_1_280' title='bbox 1407 4330 1442 4392; x_wconf 91' lang='lat' dir='ltr'><strong>in</strong></span> <span class='ocrx_word' id='word_1_281' title='bbox 1484 4331 1656 4416; x_wconf 87' lang='lat' dir='ltr'><strong>Campania</strong></span> <span class='ocrx_word' id='word_1_282' title='bbox 1701 4328 1868 4398; x_wconf 81' lang='lat' dir='ltr'><strong>enullavit.</strong></span> <span class='ocrx_word' id='word_1_283' title='bbox 1927 4334 1997 4397; x_wconf 85' lang='lat' dir='ltr'><strong>Sed</strong></span> 
     </span>
     <span class='ocr_line' id='line_1_31' title="bbox 452 4430 1998 4518; baseline 0 -21"><span class='ocrx_word' id='word_1_284' title='bbox 452 4434 584 4512; x_wconf 74' lang='lat' dir='ltr'><strong>Tacito,</strong></span> <span class='ocrx_word' id='word_1_285' title='bbox 621 4432 677 4518; x_wconf 89' lang='lat' dir='ltr'><strong>qui</strong></span> <span class='ocrx_word' id='word_1_286' title='bbox 705 4450 782 4495; x_wconf 88' lang='lat' dir='ltr'><strong>eum</strong></span> <span class='ocrx_word' id='word_1_287' title='bbox 807 4430 850 4499; x_wconf 88' lang='lat' dir='ltr'><strong>V.</strong></span> <span class='ocrx_word' id='word_1_288' title='bbox 871 4430 908 4492; x_wconf 86' lang='lat' dir='ltr'><strong>C.</strong></span> <span class='ocrx_word' id='word_1_289' title='bbox 935 4450 999 4515; x_wconf 80' lang='lat'><strong>79⁰</strong></span> <span class='ocrx_word' id='word_1_290' title='bbox 1027 4444 1190 4496; x_wconf 88' lang='lat' dir='ltr'><strong>mortuum</strong></span> <span class='ocrx_word' id='word_1_291' title='bbox 1248 4431 1331 4497; x_wconf 84' lang='lat' dir='ltr'><strong>hano</strong></span> <span class='ocrx_word' id='word_1_292' title='bbox 1361 4453 1490 4518; x_wconf 87' lang='lat' dir='ltr'><strong>quoque</strong></span> <span class='ocrx_word' id='word_1_293' title='bbox 1518 4433 1699 4517; x_wconf 81' lang='lat' dir='ltr'><strong>procellam</strong></span> <span class='ocrx_word' id='word_1_294' title='bbox 1728 4434 1902 4499; x_wconf 77' lang='lat' dir='ltr'><strong>Octaviani</strong></span> <span class='ocrx_word' id='word_1_295' title='bbox 1928 4434 1998 4498; x_wconf 86' lang='lat' dir='ltr'><strong>lor-</strong></span> 
     </span>
    </p>
   </div>
   <div class='ocr_carea' id='block_1_8' title="bbox 458 4688 1998 4885">
    <p class='ocr_par' dir='ltr' id='par_1_12' title="bbox 458 4688 1998 4885">
     <span class='ocr_line' id='line_1_32' title="bbox 492 4688 1998 4783; baseline 0.003 -21"><span class='ocrx_word' id='word_1_296' title='bbox 492 4708 524 4778; x_wconf 85' lang='lat' dir='ltr'><strong>a)</strong></span> <span class='ocrx_word' id='word_1_297' title='bbox 544 4705 704 4764; x_wconf 78' lang='lat' dir='ltr'><strong>Suet&#39;l&#39;ib.</strong></span> <span class='ocrx_word' id='word_1_298' title='bbox 718 4717 780 4772; x_wconf 51' lang='grc' dir='ltr'><strong>αι</strong></span> <span class='ocrx_word' id='word_1_299' title='bbox 798 4698 981 4761; x_wconf 68' lang='lat' dir='ltr'><strong>Tacitum</strong></span> <span class='ocrx_word' id='word_1_300' title='bbox 991 4702 1026 4767; x_wconf 90' lang='lat' dir='ltr'><strong>V.</strong></span> <span class='ocrx_word' id='word_1_301' title='bbox 1040 4718 1089 4768; x_wconf 59' lang='grc'><strong>1,,</strong></span> <span class='ocrx_word' id='word_1_302' title='bbox 1139 4704 1176 4780; x_wconf 87' lang='lat' dir='ltr'><strong>b)</strong></span> <span class='ocrx_word' id='word_1_303' title='bbox 1196 4706 1269 4783; x_wconf 87' lang='lat' dir='ltr'><strong>Cap.</strong></span> <span class='ocrx_word' id='word_1_304' title='bbox 1285 4718 1309 4773; x_wconf 80' lang='lat'><strong>5.</strong></span> <span class='ocrx_word' id='word_1_305' title='bbox 1385 4706 1628 4781; x_wconf 58' lang='lat' dir='ltr'><strong>c)Auu.V1,5o.</strong></span> <span class='ocrx_word' id='word_1_306' title='bbox 1703 4688 1998 4779; x_wconf 68' lang='lat' dir='ltr'><strong>d)&#39;L.LV111.§.2u</strong></span> 
     </span>
     <span class='ocr_line' id='line_1_33' title="bbox 458 4782 1719 4885; baseline 0.011 -34"><span class='ocrx_word' id='word_1_307' title='bbox 458 4792 981 4885; x_wconf 59' lang='lat' dir='ltr'><strong>2&gt;pulteouuuvuaar.</strong></span> <span class='ocrx_word' id='word_1_308' title='bbox 1707 4782 1719 4801; x_wconf 86' lang='grc'><em>“</em></span> 
     </span>
    </p>
   </div>
   <div class='ocr_carea' id='block_1_9' title="bbox 0 0 2166 5500">
    <p class='ocr_par' dir='ltr' id='par_1_13' title="bbox 0 0 2166 5500">
     <span class='ocr_line' id='line_1_34' title="bbox 0 0 2166 5500; baseline 0 0"><span class='ocrx_word' id='word_1_309' title='bbox 0 0 2166 5500; x_wconf 95' lang='lat' dir='ltr'><strong> </strong></span> 
     </span>
    </p>
   </div>
  </div>
 </body>
</html>
