4267 5500
401 622 427 681 x
949 529 1441 685 rnxsrxrru

402 750 543 883 lector,
569 742 813 888 argenteum
821 770 1070 885 'quempiam
1089 794 1265 851 numum
1284 796 1374 851 esse
1391 792 1448 849 ex
1464 764 1783 873 subaeratorum
1801 788 1967 885 genere,

403 926 476 995 aru
505 915 849 1025 praetermorem
870 908 1026 1020 majore
1047 900 1202 992 vilioris
1228 902 1386 989 metalli
1403 901 1638 1012 accessione
1668 900 1964 1017 depravamur,

402 1062 476 1133 aut
496 1050 780 1161 cujuscunque
800 1040 958 1130 metalli
980 1070 1158 1127 numum
1176 1040 1359 1125 fabricae
1380 1068 1471 1124 esse
1492 1038 1693 1145 rudioris,
1723 1052 1799 1123 aut
1814 1040 1963 1123 saltem

402 1215 427 1268 a
445 1185 565 1272 solito
590 1197 702 1271 statu
723 1179 977 1287 abludentis,
1006 1176 1120 1263 certo
1141 1177 1359 1264 commatis
1377 1176 1608 1291 peregrini,
1636 1190 1710 1262 aut
1729 1175 1852 1290 plane
1870 1177 1968 1278 har-

402 1323 492 1405 hari
510 1316 787 1435 argumento?
808 1344 909 1431 quas
929 1313 1098 1429 quidem
1119 1342 1263 1399 omnes
1279 1340 1424 1399 causas
1439 1314 1603 1428 penitus
1625 1340 1745 1398 nosse
1759 1326 1970 1426 quantum

400 1458 586 1565 intersit,
611 1471 685 1542 aut
710 1454 889 1539 diximus
907 1452 1028 1561 alibi,
1058 1464 1131 1536 aut
1151 1449 1370 1563 deinceps,
1399 1477 1497 1535 cum
1519 1451 1682 1536 occasio
1702 1450 1867 1558 tulerit,
1890 1448 1967 1533 do·

401 1592 573 1679 cabitur.
600 1602 763 1707 Quanta
785 1590 839 1675 sit
856 1588 1079 1703 praecipue
1099 1588 1143 1672 in
1164 1576 1331 1674 moneta
1349 1589 1533 1673 Romana
1558 1588 1873 1672 subaeratorum
1894 1614 1966 1671 co-

400 1730 507 1844 pia,
526 1743 569 1815 et
596 1757 722 1843 quam
749 1726 886 1840 turpia
912 1724 957 1810 in
987 1724 1052 1809 his
1080 1722 1320 1834 mendacia,
1350 1724 1451 1811 olim
1479 1726 1562 1810 late
1593 1724 1889 1840 explicavimus
1917 1716 1965 1829 ²).

401 1869 465 1953 Ad
494 1869 671 1953 alterum
700 1862 811 1978 quod
840 1861 1006 1969 attinet,
1054 1860 1310 1947 monendum
1343 1892 1381 1947 v:
1398 1890 1431 1947 c.
1467 1863 1512 1946 in
1539 1866 1750 1975 Atrgtrsto,
1789 1860 1966 1973 aliisque

399 2008 567 2109 suerat,
586 2016 720 2089 certos
749 1997 952 2114 quosdam
979 1998 1298 2085 consecrationis
1318 2025 1467 2090 numos
1495 2028 1587 2083 esse
1605 1996 1766 2113 argenti
1786 1996 1968 2104 vilioris,

402 2156 444 2225 et
469 2142 604 2253 operis
623 2140 760 2223 minus
784 2135 1005 2249 elegantis,
1034 2135 1217 2251 signatos
1236 2162 1334 2249 ergo
1353 2135 1578 2252 inclinante
1595 2134 1796 2249 imperio,-
1825 2162 1965 2259 neque

401 2278 659 2387 synchronos
679 2276 752 2381 iis,
778 2300 959 2389 quorum
977 2274 1229 2361 exhibentur
1251 2272 1395 2385 capita
1425 2273 1615 2388 Denique
1634 2274 1670 2359 si
1689 2302 1866 2365 numum
1886 2276 1967 2372 Ro-

400 2430 573 2500 manum
608 2413 871 2528 putabimus,
911 2412 1005 2525 qui,
1026 2411 1123 2497 etsi
1150 2410 1296 2497 Latine
1325 2410 1567 2524 inscriptus,
1600 2423 1744 2496 tamen
1776 2412 1831 2495 ah
1858 2412 1974 2495 tube

403 2556 573 2660 Graeca,
601 2551 670 2639 vel
690 2548 863 2659 colonia,
890 2549 959 2635 vel
979 2530 1079 2662 ipsis
1097 2548 1225 2653 etiam
1244 2547 1430 2632 barbaris
1454 2548 1638 2662 signatus
1660 2561 1745 2656 est,
1772 2548 1966 2663 iniquum
2006 2641 2009 2648 ,

401 2688 453 2774 de
484 2720 533 2778 eo
567 2689 815 2802 plerumque
847 2686 926 2773 erit
958 2700 1149 2774 nostrum
1181 2684 1393 2799 judiciiun.
1433 2682 1613 2791 Exstant
1644 2687 1765 2776 aenei
1780 2686 1967 2774 ‘Othonis

399 2829 520 2912 numi
548 2857 645 2914 cum
663 2823 887 2940 epigraphe
907 2825 1141 2935 Latinas
1157 2823 1202 2908 in
1220 2851 1364 2912 aversa
1380 2827 1419 2910 S.
1435 2825 1480 2910 C.
1511 2823 1670 2908 Eorum
1694 2825 1880 2938 inspecta
1906 2827 1969 2908 fa·
1995 2899 2001 2914 .

400 2965 537 3071 brica,
562 2963 795 3078 modusque
814 2943 949 3054 facile,
964 2961 1169 3078 persuasit
1193 2961 1389 3068 eruthtis,
1418 2959 1546 3045 fuisse
1573 2975 1691 3047 extra
1720 2964 1893 3071 urbem,
1923 2978 1968 3047 et

401 3101 591 3212 quidem,
637 3101 751 3214 quod
781 3099 906 3185 hodie
935 3100 1032 3186 satis
1066 3112 1257 3208 constat,
1283 3098 1529 3186 Antiochiae
1560 3098 1704 3210 Syriae
1735 3127 1963 3213 percussos.

342 3259 351 3268 ·
391 3233 514 3314 ‘Harrc
533 3231 755 3342 peristasin
779 3262 878 3318 cum
901 3235 1050 3321 docere
1080 3237 1534 3350 lectoren-negligeret
1561 3235 1879 3344 Mediobarbus,
1902 3240 1964 3323 fe·

400 3367 476 3473 cit,
505 3380 554 3452 ut
583 3394 666 3450 non
691 3369 814 3454 modo
845 3372 887 3456 id
912 3402 1044 3486 genus
1067 3370 1188 3456 numi
1212 3373 1481 3458 crederentur
1515 3375 1731 3461 commatis
1763 3376 1962 3484 Romani,

400 3505 472 3587 sed
492 3505 787 3606 confirmarent
812 3508 937 3593 etiam
966 3509 1169 3625 judicium
1198 3536 1366 3620 eorum,
1396 3509 1469 3623 qui
1495 3510 1575 3595 sibi
1593 3539 1856 3624 persuasere,
1885 3541 1964 3599 nu-

401 3669 490 3726 mos
511 3668 662 3726 aeneos
678 3645 833 3730 Romae
860 3674 959 3731 cum
978 3647 1153 3734 Othonis
1175 3648 1310 3762 capite
1334 3648 1461 3734 fuisse
1482 3649 1673 3762 signatos.
1705 3701 1709 3706 -
1838 3697 1843 3708 ·

487 3785 542 3864 At
571 3780 683 3864 enim
723 3783 863 3869 variae
889 3784 967 3868 hae
997 3811 1170 3894 causae,
1209 3814 1311 3900 quas
1339 3787 1467 3870 modo
1496 3789 1842 3897 commemoravi,
1879 3818 1965 3873 non

401 3915 513 4000 solae
536 3931 654 4025 sunt,
682 3923 789 4033 quae
818 3922 1056 4034 religiosum
1091 3922 1268 4038 catalogi
1302 3922 1596 4030 architectum,
1620 3925 1825 4039 cujusque
1845 3915 1967 4040 prae-

340 4045 343 4048 ’
401 4051 529 4138 coniis
558 4053 780 4170 philologia
820 4059 1075 4144 confidenter
1101 4060 1165 4146 uti
1196 4062 1345 4180 possit,
1386 4061 1599 4174 impellere
1629 4058 1882 4169 debuerant,
1910 4093 1967 4148 ne

401 4205 588 4302 parceret
604 4191 775 4280 utilibus
795 4196 974 4305 monitis,
992 4195 1262 4312 indiciisque,
1290 4215 1339 4320 et·
1348 4229 1472 4314 saepe
1501 4198 1752 4284 necessariis.
1784 4200 1965 4288 Exstant

386 4328 446 4416 ,in
470 4329 662 4416 omnibus
699 4333 851 4420 muscis
876 4332 994 4420 numi
1026 4349 1165 4421 certae
1194 4336 1471 4451 antiquitatis,
1498 4365 1636 4452 neque
1655 4351 1798 4423 tamen
1814 4340 1966 4423 subae-

385 4466 502 4575 rati,
525 4469 570 4555 in
596 4468 768 4583 quibu's,
801 4471 890 4557 sive
913 4470 1142 4584 scripurrae
1162 4473 1310 4588 legem·
1324 4488 1506 4586 spectes,
1534 4473 1623 4560 sive
1643 4489 1762 4562 notu
1783 4475 1962 4582 chrono-

402 4601 576 4716 logicas,
604 4607 693 4695 sive
719 4608 881 4694 anticas
906 4637 1006 4706 cum
1033 4634 1177 4695 aversa
1208 4613 1470 4721 societatem,
1506 4613 1594 4698 sive
1624 4611 1823 4727 quidquid
1847 4613 1962 4701 alirrd

391 4739 1973 4774 mm

440 4793 472 4862 a)
493 4791 558 4852 Vol.
574 4793 597 4852 1.
617 4793 733 4874 Proles.
754 4817 821 4874 gen.
841 4815 906 4877 cap.
921 4797 997 4860 xlx.
1088 4887 1094 4896 ι
