4267 5500
396 549 466 626 510
987 533 1351 608 uaoarauva

456 707 642 774 Procedant
659 718 694 770 et
713 721 882 768 marmora.
913 753 916 760 .
1194 702 1267 786 aius
1289 721 1361 766 ease
1382 703 1598 782 auctoritatis,
1627 723 1710 788 qnae
1737 709 1836 771 latam
1852 709 1872 773 a
1890 729 1942 772 me

396 865 401 874 .
454 810 625 874 Iuliorum
644 806 755 884 nullo,
776 803 869 888 oujus
885 804 1075 869 anctoritate
1092 803 1139 866 ni·
1194 805 1306 888 legem
1328 805 1432 887 possit
1455 803 1654 891 iniringere,
1683 821 1739 872 eat
1764 829 1842 872 unm
1868 809 1942 875 illu·

391 919 417 980 ti
433 914 536 1002 possit
559 908 694 974 biatoria
719 905 852 984 critica,
879 905 1062 972 Hadrianus
1090 905 1139 968 oi·
1193 905 1316 970 utribus
1341 908 1560 972 monumentis
1583 931 1603 972 a
1627 929 1681 973 me
1703 911 1855 994 proxime
1876 912 1944 976 lan·

391 1017 478 1084 uitur
504 1017 543 1079 P.
566 1013 604 1077 P.
632 1025 708 1077 ante
739 1008 816 1074 trib.
841 1022 1036 1094 potestatem
1063 1007 1134 1072 xtt.
1192 1007 1277 1098 datia
1291 1009 1462 1093 compoui3
1490 1022 1588 1094 atquo
1606 1011 1706 1074 etiam
1726 1026 1765 1076 ut
1778 1013 1868 1078 istam
1885 1011 1943 1080 alo·

390 1120 472 1204 Ejus
487 1136 582 1182 eausa
595 1112 705 1180 rideri
720 1122 829 1197 pateat
848 1109 976 1196 insigne
994 1129 1140 1174 marmor
1195 1131 1283 1187 mus,
1312 1109 1385 1194 quia
1410 1109 1491 1187 erit,
1529 1111 1586 1195 qui
1610 1111 1776 1195 spondero
1807 1113 1940 1190 audeat,
1967 1201 1972 1208 η

391 1218 593 1308 potitumiu
611 1217 681 1278 ΤΒ.
697 1215 737 1281 Ρ.
756 1215 815 1291 11..
837 1212 927 1298 qaod
944 1213 1073 1292 reliqua
1087 1235 1139 1276 ue·
1194 1211 1316 1275 additae
1350 1211 1577 1296 epigrammati
1604 1227 1698 1276 notas
1731 1216 1943 1302 chronologi·

390 1337 464 1389 teru
493 1321 621 1384 abolito
640 1320 724 1382 dicit
749 1319 789 1400 ¹).
837 1317 997 1379 Columna
1021 1313 1138 1377 millia·
1194 1334 1248 1378 aaa
1271 1313 1336 1376 rite
1354 1313 1461 1377 fuisse
1478 1327 1649 1398 arreptas,
1670 1316 1719 1380 sio
1737 1331 1771 1379 nt
1791 1338 1855 1400 pro
1870 1321 1941 1382 Til.

389 1425 439 1490 ria
459 1423 562 1509 potita
580 1421 615 1482 in
636 1417 753 1482 eadem
765 1415 842 1482 trib.
860 1429 1021 1502 potestate
1041 1417 1082 1480 ΙΙ.
1101 1413 1136 1497 b)
1193 1416 1231 1478 P.
1249 1416 1320 1482 VII.
1343 1434 1411 1477 nou
1425 1415 1534 1498 potius
1555 1416 1734 1501 legendum
1753 1420 1797 1482 sit
1814 1423 1886 1482 Til.
1903 1425 1941 1484 P.

248 1551 253 1564 ·
390 1525 491 1590 Aliud
510 1523 638 1588 illmtre
661 1520 732 1592 Til.
747 1519 787 1586 Ρ.
807 1519 865 1596 V.,
891 1517 926 1582 in
941 1538 1006 1604 qno
1022 1517 1137 1603 legun·
1193 1519 1264 1581 ΧΠ.
1285 1516 1430 1584 arcos,
1448 1519 1504 1582 lll.
1527 1538 1589 1601 pro
1617 1518 1712 1585 COS.
1728 1521 1791 1584 ll?
1814 1522 1882 1585 Sed
1897 1524 1941 1588 de

390 1641 445 1692 tur
460 1623 594 1689 termini
609 1621 775 1706 pomoerii
789 1621 996 1704 restitutit).
1034 1620 1136 1684 Aliud
1193 1618 1293 1680 simili
1316 1619 1525 1704 vulgatorum
1551 1639 1751 1684 marmorum
1775 1627 1942 1707 perveni.
1960 1667 1977 1678 .

391 1737 639 1792 monumentum
677 1722 845 1808 publicum
879 1725 951 1788 Til.
992 1724 1030 1786 Ρ.
1059 1725 1136 1800 Vl..
1194 1734 1260 1784 tate
1280 1719 1356 1784 vida
1383 1741 1470 1805 quaa
1491 1721 1596 1785 multo
1615 1722 1712 1808 plara
1736 1724 1882 1791 monebo
1903 1728 1940 1789 in

390 1829 425 1892 in
449 1847 514 1913 quo
537 1825 721 1892 Hadrianou
746 1823 865 1890 dioitm
887 1825 972 1890 riam
1004 1824 1137 1888 Suessa·
1194 1835 1332 1886 tractatu
1365 1821 1408 1886 de
1444 1823 1616 1889 tribunicia
1650 1840 1824 1910 potestate.
1874 1830 1944 1893 Ne·

390 1930 444 1996 nis
465 1925 681 2012 municipibus
709 1948 767 1992 ana
785 1927 928 2012 pecunia
955 1925 1075 1991 fauisse
1090 1926 1135 2007 d).
1193 1943 1351 2008 quaquam
1377 1922 1562 2003 dissimulo,
1602 1929 1725 2011 opponi
1756 1949 1853 2013 pam
1884 1951 1945 1993 m.

390 2033 537 2117 Elegea·
578 2029 688 2096 tabula
729 2050 913 2094 marmorea
961 2028 1134 2094 uardiualis
1192 2045 1298 2101 mum,
1347 2025 1403 2110 qni
1434 2029 1623 2110 propositae
1657 2031 1794 2113 regulae
1835 2031 1943 2096 diuam

391 2133 545 2219 Carpiuei
579 2153 655 2198 uam
690 2131 763 2199 m.
796 2133 836 2200 Ρ.
859 2131 901 2194 Χ.
926 2134 956 2215 ⁰)
1009 2128 1136 2196 'l'abnla
1191 2127 1357 2213 impingit,
1388 2149 1408 2190 a
1424 2129 1645 2193 Buonarrotio
1665 2131 1789 2195 editum
1805 2129 1856 2215 l²),
1882 2137 1942 2218 qni

390 2254 589 2311 marmorea,
626 2235 663 2296 iu
686 2233 961 2320 qua.Had1·iauua
997 2234 1069 2297 Ttt.
1094 2232 1132 2293 Ρ.
1191 2230 1264 2292 talis
1280 2249 1354 2293 essa
1370 2228 1494 2293 fertura
1511 2231 1782 2300 HADRIANVS.
1799 2233 1938 2300 AVGl'-

388 2339 445 2402 Xl.
468 2336 662 2422 perbibetup
685 2337 852 2419 'templum
890 2335 972 2398 deae
1004 2335 1134 2415 Cuprae
1193 2331 1313 2399 S'PVS.
1354 2333 1462 2414 Caput
1484 2331 1688 2398 laureatum.
1721 2329 1758 2398 ἶ.
1778 2334 1874 2400 008.
1898 2337 1942 2400 ΙΙ.

389 2437 573 2502 restituione
594 2439 633 2516 s).
656 2435 837 2501 Praetereo
852 2435 1038 2519 complures
1052 2433 1134 2517 lapi·
1190 2432 1227 2494 P.
1244 2433 1281 2497 Ρ.
1311 2433 1432 2516 Cybela
1451 2432 1626 2515 quadrigis
1641 2433 1775 2498 leonum
1793 2440 1940 2502 inuecto.

390 2537 449 2600 da·
467 2536 550 2602 alios
579 2536 777 2614 oonoordes3
805 2557 880 2600 nana
910 2534 1041 2598 nonnisi
1065 2553 1134 2598 mo·
1190 2533 1274 2597 Satis
1301 2524 1373 2603 esto
1403 2531 1682 2613 animadvertere,
1718 2536 1847 2601 nullum
1881 2559 1942 2600 nu·

255 2639 263 2648 ‘
389 2638 552 2700 numantia
564 2637 703 2720 publicis
716 2636 809 2700 lubet
822 2634 1013 2702 sententiam
1026 2653 1134 2699 meam
1190 2655 1279 2701 mum
1310 2635 1497 2698 consulatus
1519 2635 1559 2700 11.
1584 2634 1742 2702 bauteuua
1770 2641 1939 2724 cognitum

388 2739 546 2806 stabilire.
1191 2735 1314 2802 offerro
1331 2750 1544 2801 memoratam
1566 2737 1650 2803 hano
1672 2740 1788 2825 capitis
1810 2742 1937 2827 epigra-

453 2844 497 2906 At
524 2858 606 2907 vero
635 2850 843 2905 monumenta
872 2840 1021 2919 demum,
1048 2858 1133 2924 quaa
1190 2838 1298 2923 pltea,
1317 2853 1373 2905 aut
1394 2839 1493 2903 etiam
1511 2853 1608 2924 eaput
1622 2840 1719 2924 quale
1736 2843 1863 2926 pictura
1878 2864 1934 2907 ex·

390 2944 465 3010 trib.
485 2954 681 3027 potestatem
695 2942 767 3009 ΧΠ.
790 2956 989 3019 memorant,
1014 2940 1133 3018 omnia,
1189 2940 1296 3018 hibet,
1326 2939 1402 3004 loco
1427 2954 1611 3024 protomus,
1643 2964 1740 3026 quam
1761 2944 1827 3008 hoo
1850 2965 1937 3009 auno

390 3046 482 3131 quod
492 3043 616 3120 norim,
639 3042 840 3107 Hadrianum
855 3057 985 3126 putrem
998 3046 1135 3125 patrius
1188 3040 1290 3105 inissa
1303 3042 1339 3105 in
1353 3062 1426 3120 uau,
1446 3044 1480 3119 iu
1495 3043 1741 3127 prolegomenis
1761 3045 1803 3108 ad
1816 3066 1934 3110 numos

389 3145 557 3233 appellare
569 3144 738 3231 incipiant,
758 3146 849 3229 ouius
865 3164 959 3209 nauta
978 3142 1080 3208 citare
1094 3140 1135 3204 li·
1188 3145 1376 3211 romulatua
1400 3146 1456 3209 Ill.
1492 3144 1614 3209 affatim
1634 3144 1781 3231 probari.
1822 3146 1936 3240 Quare

388 3260 462 3313 oeat
479 3266 577 3309 unam
591 3245 734 3309 tabulam
749 3266 896 3319 aeneam,
911 3244 1059 3328 utajunt,
1075 3244 1135 3309 ho-
1189 3244 1224 3309 iu
1249 3258 1422 3330 praesente
1442 3266 1543 3310 numo
1567 3260 1622 3312 aut
1641 3246 1820 3331 legendum
1842 3247 1933 3313 COS.

388 3362 501 3413 nautae
516 3345 678 3410 missionis
693 3347 740 3427 Β),
767 3362 802 3411 et
820 3347 1025 3412 oontiuuatur
1038 3343 1134 3410 aedu-
1174 3350 1266 3425 ·n1.,
1282 3360 1337 3410 aut
1349 3347 1377 3409 ia
1391 3344 1584 3410 adulterinis
1596 3348 1837 3427 accensendus,
1858 3370 1934 3434 quo·

388 3452 424 3513 lo
439 3450 493 3513 hio
506 3446 619 3516 titulun
633 3467 695 3533 per
707 3446 853 3535 reliquoa
870 3448 1060 3525 tribunatuo,
1079 3467 1135 3511 oa·
1191 3469 1265 3513 rum
1280 3446 1420 3511 artifices
1432 3446 1603 3512 subtiliora
1615 3449 1697 3513 haao
1714 3448 1848 3515 criteria
1862 3470 1932 3534 per·

388 3552 441 3637 jus
466 3550 618 3635 exempla
637 3547 791 3633 proferro
809 3570 878 3613 nun
900 3550 1033 3626 attinet,
1054 3569 1136 3634 quo·
1192 3562 1304 3633 specta
1322 3568 1388 3613 non
1405 3548 1560 3613 habuere.

388 3652 477 3717 niam
498 3652 563 3717 boo
587 3652 664 3717 looa
685 3652 790 3715 tulum
813 3652 938 3737 agitor,
967 3672 1032 3737 qno
1047 3669 1133 3714 anuo
1195 3686 1199 3691 -
1254 3648 1323 3713 Sed
1367 3664 1593 3735 argumentum
1640 3671 1684 3714 ox
1731 3651 1934 3717 validissimis

389 3753 444 3817 hio
459 3752 573 3817 titulus
587 3750 663 3818 adii
682 3753 840 3838 cooperit.
870 3754 945 3816 Non
961 3773 1013 3816 me
1030 3751 1133 3835 fagit,
1191 3772 1307 3829 unum,
1339 3751 1428 3836 qnod
1456 3772 1499 3816 ax
1525 3752 1755 3815 Alexandrinis
1780 3754 1936 3818 natitant

389 3853 616 3939 per'Grntari,
639 3866 674 3919 at
687 3854 859 3919 Muratorii
876 3875 957 3938 opus
973 3873 1041 3918 uon
1057 3874 1135 3937 pau·
1190 3854 1296 3915 numia
1311 3867 1405 3937 peto,
1426 3852 1491 3918 buo
1511 3852 1634 3918 diamti.
1670 3854 1755 3917 Sunt
1768 3855 1802 3917 in
1823 3876 1936 3921 museo

391 3978 445 4024 aas
469 3956 579 4043 spargi
601 3954 849 4039 inscriptiones,
878 3956 913 4017 ia
937 3954 1053 4042 quibua
1069 3956 1135 4019 Ha·
1190 3955 1353 4018 Caesareo
1382 3956 1473 4019 numi
1510 3954 1575 4019 duo
1604 3953 1701 4037 hujus
1737 3956 1866 4034 ulmeio,
1901 3958 1939 4019 in

388 4060 521 4125 tirianua
548 4058 612 4142 jam
635 4070 709 4123 ante
737 4056 820 4122 huno
842 4057 918 4125 trib.
935 4070 1131 4142 potentatum
1188 4076 1327 4141 quorum
1342 4055 1464 4121 autioat
1500 4058 1608 4138 Caput
1621 4072 1656 4119 et
1674 4060 1855 4141 epigraphe
1869 4056 1937 4121 Hu-

387 4160 462 4228 ΧΠ.
497 4160 601 4245 patria
635 4160 759 4245 patriae
795 4160 925 4224 honora
970 4158 1133 4223 adlinitur.
1188 4159 1304 4220 titiani
1310 4204 1319 4234 ‚
1341 4158 1375 4219 in
1394 4158 1547 4223 adt-arsat
1569 4152 1748 4222 ΠΑΤΗΡ.
1773 4152 1937 4219 natut-

388 4266 434 4327 At
454 4281 539 4329 noro
558 4263 616 4347 qui
632 4262 689 4327 has
715 4261 750 4323 iu
776 4280 912 4325 eramen
934 4281 1054 4327 rooaro
1078 4278 1134 4325 vo·
1191 4256 1288 4321 AOC.
1320 4262 1418 4321 Duae
1434 4262 1571 4322 dextere
1582 4259 1736 4336 junctae,
1767 4258 1800 4317 iu
1819 4258 1936 4320 borum

388 4366 455 4442 let,
483 4360 712 4448 deprehendat
730 4362 846 4439 facile,
875 4383 986 4425 aarum
1010 4362 1134 4425 nullam
1190 4378 1257 4424 uuo
1279 4357 1425 4423 additor:
1457 4360 1497 4425 L.
1524 4357 1593 4435 113„
1621 4360 1656 4421 in
1679 4359 1786 4423 altaro
1815 4360 1855 4421 L.
1881 4352 1934 4418 ΙΓ.

389 4509 1937 4553 *mr-...m

425 4590 652 4671 u)Grut.p.X.
762 4592 1102 4669 b)Grut.pag.1⁵t.o
1213 4592 1515 4665 c)l.c.pag.198.t.
1628 4589 1935 4666 d)l.c.pag.tst.5.

389 4682 420 4752 e)
440 4680 496 4739 le.
511 4694 650 4759 paptao.
669 4698 693 4743 1.
784 4680 849 4756 Μ.
861 4701 885 4741 o.
900 4700 968 4758 pag.
981 4684 1057 4745 1016.
1074 4694 1100 4741 2.
1192 4684 1225 4755 g)
1245 4680 1462 4755 luparea.
1556 4678 1590 4750 b)
1611 4678 1732 4735 Ossam.
1748 4680 1828 4736 istor.
1846 4678 1935 4735 tabl.

387 4785 454 4831 nt.
