4267 5500
20 2425 21 2434 ἵ
125 2353 256 2406 ctutum.

723 525 1079 614 nsunttnvs.
1607 543 1675 632 512

129 707 312 774 Secundum
358 705 654 772 Alexandrinorum
708 707 871 772 calculum
928 707 1128 774 Hadrianum
1152 724 1229 767 mox
1256 706 1299 770 sb
1330 707 1419 772 aditu
1449 710 1591 794 imperio
1617 735 1678 796 pu·

127 833 227 878 annus
242 807 400 876 Hadriani
423 807 480 880 IB.
506 809 574 876 snit
596 808 650 874 dis
671 810 788 876 xxtx.
805 813 871 875 Au·
928 822 1010 873 trem
1026 811 1160 888 patriae
1177 809 1359 890 appellant,
1381 821 1417 889 ‚et
1434 809 1678 896 historicorum,

127 914 211 1000 gusti
235 915 276 981 V:
296 913 333 979 C.
355 915 437 992 etr,
472 911 657 998 eodemque
678 910 794 997 incipit
816 934 872 977 sn·
927 909 983 996 qui
1001 906 1142 972 eundern
1158 908 1288 971 titulum
1307 910 1341 972 in
1360 911 1474 994 primis
1493 929 1679 988 numerant,

124 1038 184 1081 uns
208 1011 280 1094 m,
307 1013 394 1100 quod
420 1027 547 1099 tempus
573 1013 656 1080 illud
671 1015 868 1099 ipsumest,
926 1012 984 1095 qui
1007 1011 1040 1074 ei
1061 1010 1237 1095 imperium
1256 1012 1435 1095 auspicanti
1460 1012 1562 1100 delati
1580 1015 1677 1078 sunt?

125 1137 188 1204 quo
208 1116 308 1202 patris
321 1117 459 1201 'patriae
482 1116 611 1180 titulum
635 1115 676 1181 ab
700 1119 869 1184 Hadriano
928 1113 1068 1175 'fantum
1092 1108 1180 1174 istud
1206 1110 1314 1190 abest,
1353 1126 1389 1177 ut
1415 1115 1546 1199 utrique
1576 1119 1675 1178 etiem

123 1219 279 1283 adscitum
297 1217 384 1294 dixi,
403 1231 437 1284 et
459 1219 536 1284 satis
558 1233 709 1302 apparet,
731 1222 869 1305 placuis-
923 1231 959 1276 se
987 1227 1100 1276 mutuo
1123 1211 1329 1277 confirment
1374 1214 1536 1280 Nimirum
1560 1238 1674 1282 secum

125 1342 160 1386 se
177 1319 427 1397 Alexandrinis,
452 1340 574 1384 nsvnm
592 1322 680 1386 istud
703 1324 868 1408 elogium,
924 1315 1001 1377 dum
1016 1314 1242 1396 spartianum,
1270 1329 1305 1378 et
1324 1312 1480 1380 Orosinm
1497 1319 1603 1381 statim
1620 1342 1675 1382 ass·

125 1441 187 1506 quo
212 1421 397 1486 Hadrianus
426 1442 489 1506 pot·
517 1423 710 1490 modestiam
743 1425 866 1490 tamdiu
922 1413 987 1480 dita
1025 1414 1183 1479 Hadtisni
1229 1415 1423 1500 adoptione,
1467 1431 1506 1482 ot
1540 1421 1672 1502 Traiani

123 1525 332 1601 abstinuerat,
363 1543 440 1590 cum
461 1526 600 1611 primm
624 1527 696 1610 ejus
721 1527 865 1612 suscepti
920 1530 1026 1581 morie
1046 1519 1078 1584 ei
1096 1517 1222 1581 obtenti
1242 1517 1387 1582 deiaittm
1415 1518 1478 1581 fuit
1498 1523 1598 1604 petris
1621 1541 1676 1604 pn·

124 1626 258 1692 nunciet
281 1627 423 1710 appulit,
444 1627 479 1689 in
499 1640 630 1692 moneta
643 1627 774 1711 publica
792 1648 867 1713 prn-
925 1618 1007 1682 triae
1034 1638 1167 1684 nomen·
1210 1620 1302 1703 Ergo
1332 1619 1398 1684 boc
1429 1619 1566 1686 decreto
1592 1623 1676 1688 illud

123 1729 283 1813 τρύμη.
329 1729 415 1794 Sane
443 1728 477 1793 iu
504 1729 597 1794 nullo
621 1730 779 1796 Hadriani
810 1753 868 1796 nu.
925 1719 1081 1784 oottt’muo
1105 1720 1263 1782 intertum
1292 1719 1354 1782 tuit
1376 1735 1548 1825 monetae,
1591 1745 1676 1809 queo

124 1849 177 1894 mo
207 1831 389 1916 Aegyptio,
420 1833 477 1917 qui
501 1845 612 1912 tutet,
648 1831 704 1898 vel
729 1846 803 1917 post
826 1833 868 1896 ai.
924 1820 961 1882 in
988 1819 1077 1884 urbe
1096 1819 1257 1886 Hadriani
1281 1822 1415 1887 nomine
1449 1824 1574 1908 signata
1610 1840 1671 1892 est.

124 1925 239 2016 gnam
257 1946 324 2009 at,
355 1953 395 1999 ρ.
419 1932 521 2018 μιῆς
540 1933 664 2016 patriae
687 1934 867 2020 epigraphe
926 1923 1030 2007 igilur
1060 1922 1159 2005 ptiml
1184 1921 1341 1986 Hadriani
1373 1926 1464 1986 numi
1497 1927 1672 2002 habentor,

119 2035 263 2120 apim,
309 2048 345 2098 ut
383 2034 504 2100 centu,
540 2035 720 2120 5„oeth
766 2035 867 2099 (1002,
926 2023 982 2108 qut
1005 2023 1093 2088 hunc
1120 2023 1250 2086 titulum
1275 2037 1447 2087 ostentant.
1493 2028 1594 2091 Teste
1619 2048 1676 2093 en·

125 2136 210 2202 ima
225 2151 295 2202 m
315 2135 456 2222 primm
472 2134 681 2212 amonim,
715 2149 750 2200 οι
765 2137 868 2202 comi.
925 2123 1001 2188 dem
1020 2124 1192 2208 spartiano
1213 2125 1393 2208 imperator
1412 2146 1487 2190 enm
1503 2127 1566 2190 sibi
1588 2128 1675 2192 dela·

126 2259 189 2301 ΜΟ
207 2238 332 2302 ,ubine
358 2259 452 2303 mm
473 2237 614 2302 herm„
637 2236 671 2300 {n
696 2237 802 2302 numi,
823 2237 866 2319 ja.
923 2237 992 2286 tum
1022 2222 1157 2290 distulit.
1197 2225 1295 2317 Quod
1317 2247 1391 2289 cum
1411 2230 1536 2291 senatui
1554 2249 1674 2292 rennn-

924 2327 1042 2389 ciatum
1063 2339 1167 2402 esset,
1181 2330 1281 2407 .(uatn
1301 2327 1496 2392 Antiochiae
1522 2342 1591 2392 tutu
1608 2332 1673 2394 Hs·

186 2485 437 2552 Observandum
467 2485 625 2572 deniqne,
662 2506 866 2572 nequaqnam

126 2587 282 2651 iunnmis
295 2608 357 2670 pro
376 2587 550 2652 monetarii
574 2587 710 2650 arbitrio
736 2588 866 2650 titulum

124 2689 158 2755 P.
169 2691 207 2757 P.
230 2689 286 2755 vel
302 2687 445 2753 additum
466 2689 584 2765 fuisse,
612 2690 665 2753 vel
693 2687 865 2765 omissum,

122 2792 154 2853 in
173 2813 236 2877 qus
257 2792 417 2855 sententia
435 2791 535 2854 icisse
554 2788 800 2853 Tillemnutinm
818 2790 865 2855 vi-

124 2892 186 2957 deo
207 2894 248 2975 ⁸).
275 2894 326 2954 Ex
343 2910 409 2977 qno
425 2903 639 2978 sequeretur,
660 2889 694 2949 in
713 2908 865 2972 praesen·

121 3005 154 3055 te
176 2994 313 3077 negotio
343 2984 460 3057 numos
485 2992 643 3076 appellari
664 3010 730 3053 nou
756 3010 863 3075 posse.

123 3090 208 3183 Quin
231 3107 358 3156 cunstat
375 3094 499 3179 potius,
526 3092 560 3153 iu
579 3090 767 3155 omittendis
789 3092 866 3155 reli·

122 3196 193 3279 quis
206 3194 358 3258 omnibns
381 3196 483 3258 titulis
509 3193 614 3256 minus
633 3192 733 3257 fuisse
753 3194 866 3258 ansius

122 3296 190 3377 ejns
206 3295 283 3361 sevi
303 3298 513 3371 monsterius,
536 3316 630 3379 quern
648 3296 680 3357 in
697 3294 791 3359 titulo
813 3315 866 3378 ps·

121 3396 178 3461 tris
194 3396 338 3484 patriae,
361 3416 401 3461 ex
420 3415 485 3482 quo
504 3416 578 3461 euru
596 3398 777 3481 imperator
789 3394 865 3459 ade·

121 3500 230 3581 ptarit.

182 3636 395 3729 Quapropter
430 3634 620 3701 testimonio
646 3654 862 3709 marmorum,

122 3750 154 3800 et
168 3758 347 3801 numerum
374 3736 688 3813 Alexandrinorum,
726 3734 783 3821 qni
810 3756 863 3798 rs·

119 3850 251 3923 ceptum
271 3838 311 3903 ab
335 3838 502 3905 Hadriano
523 3836 624 3925 patris
647 3836 772 3921 patriae
793 3835 863 3899 elo·

19 4022 20 4025 Ἴ
119 3940 207 4023 giam
229 3940 266 4004 in
285 3940 360 4005 trib·
376 3952 536 4025 potestate
557 3940 648 4014 xn..
676 3950 729 4003 snt
746 3936 861 4001 saltent

119 4056 263 4107 exeunte
288 4042 346 4108 11.
375 4042 545 4119 evincunt,
577 4040 723 4105 firmatur
749 4056 863 4101 oracu-

924 2427 1057 2490 driauns
1083 2427 1211 2507 aberat)
1242 2427 1410 2490 intellecta
1434 2428 1592 2513 principis
1615 2452 1671 2495 ro·

922 2529 1047 2592 luntate
1059 2527 1165 2593 votuit
1181 2526 1337 2612 deinceps
1355 2529 1419 2594 boc
1438 2530 1584 2615 elogium
1607 2552 1677 2598 mo·

923 2629 1088 2692 sumentis
1111 2629 1253 2713 publicis
1285 2631 1406 2708 inseri,
1447 2629 1555 2697 donec
1590 2633 1699 2697 illud·

923 2731 1077 2814 princeps
1104 2731 1194 2794 ultro
1224 2730 1349 2795 admitti
1376 2733 1476 2799 velet.
1528 2734 1570 2795 At
1590 2756 1672 2799 vere

922 2828 1032 2891 datum
1054 2828 1120 2912 jam
1138 2829 1201 2894 fuit
1218 2831 1252 2890 in
1269 2832 1451 2913 provincias
1471 2834 1673 2917 exemplum,

921 2944 1018 3013 atque
1038 2928 1144 2993 iubis
1165 2930 1263 2993 etiam
1289 2930 1474 3009 duraverit,
1504 2951 1580 2995 cum
1605 2935 1671 3016 jsm

922 3029 956 3093 in
980 3028 1062 3094 nrbc
1086 3029 1316 3095 abstineretur.
1369 3029 1463 3123 Quae
1495 3053 1573 3098 saue
1597 3035 1670 3099 sels

923 3151 1019 3195 causa
1048 3132 1191 3214 putanda
1226 3145 1292 3210 est,
1329 3151 1406 3209 cur,
1437 3134 1583 3217 quamvis
1615 3134 1671 3198 de·

925 3254 995 3296 mus
1020 3232 1135 3311 edum,
1173 3254 1336 3298 marmora
1367 3248 1460 3297 recte
1486 3234 1589 3299 fuisse
1615 3236 1670 3299 ds·

923 3335 1061 3418 scriptu,
1090 3348 1200 3399 tamen
1225 3334 1332 3398 serius
1354 3336 1451 3399 ctiam
1476 3335 1510 3399 in
1532 3358 1671 3402 ruarmo·

921 3436 1011 3499 ribus
1039 3437 1186 3515 Ducitis,
1226 3450 1261 3500 et
1286 3436 1555 3519 Hispaniensibus
1595 3441 1670 3502 titu-

920 3540 988 3602 lum
1011 3537 1098 3600 hunc
1128 3536 1303 3622 illegitime
1333 3536 1477 3601 additum
1508 3540 1666 3623 legamus.

921 3638 1035 3702 Serius
1052 3636 1194 3722 denique
1211 3637 1351 3721 Augusti
1371 3636 1558 3722 exemplum
1575 3658 1668 3702 secu·

921 3752 972 3801 tus
989 3736 1174 3801 Hadrianus
1190 3739 1283 3803 illum
1300 3736 1444 3816 admisit,
1472 3752 1508 3803 et
1523 3738 1667 3825 quidem,

919 3854 955 3905 nt
974 3838 1196 3915 definivimus,
1226 3842 1267 3908 V.
1286 3840 1322 3903 C.
1345 3840 1424 3915 cnr,
1457 3859 1564 3924 seque
1592 3860 1666 3923 per·
1803 3904 1807 3912 ,

919 3956 1019 4025 petuo
1043 3940 1202 4026 deinceps
1219 3960 1295 4005 utut
1316 3952 1374 4004 est.
1406 3941 1459 4001 En
1475 3940 1595 4003 saltam
1607 3962 1665 4003 nu·

920 4064 1064 4119 murum,
1105 4060 1321 4117 marmorum,
1359 4054 1394 4103 st
1435 4041 1666 4105 historicorum

119 4140 187 4205 tum
212 4142 370 4220 Eusebi,
402 4140 486 4204 illud
505 4161 591 4206 suno
611 4142 704 4209 Μ’.
727 4140 787 4205 nos
808 4139 863 4205 ad·
919 4142 1147 4219 concordiam,
1166 4162 1305 4227 quorum
1322 4161 1481 4225 apparens
1498 4140 1663 4206 dissensus

27 4318 33 4329 ,
119 4256 285 4329 ⁸⁰¹²th
317 4241 515 4318 adserentis,
546 4242 581 4303 ἱῠ
610 4262 707 4327 quem
743 4258 863 4304 tntum
919 4243 1159 4313 recentioribus
1181 4262 1316 4307 crucem
1345 4242 1430 4318 tixit,
1472 4260 1511 4305 sc
1541 4242 1667 4325 praeci·

120 4362 242 4409 revera
274 4357 412 4427 uterque
440 4341 649 4407 isHedrinui
682 4340 863 4407 tribunatus
918 4366 984 4431 pue
1011 4335 1224 4409 Tillsmoutib
1240 4342 1285 4426 b).
1339 4341 1446 4435 Quam
1470 4340 1561 4407 belle
1589 4364 1665 4407 cnm

122 4442 249 4509 inuidit.
297 4442 365 4509 Sed
388 4444 476 4508 enim
500 4464 540 4509 sn
557 4445 711 4511 corfinus
734 4442 869 4528 abjicis·
920 4460 1071 4531 tempore
1093 4445 1238 4529 suscepti
1260 4444 1301 4509 ab
1320 4442 1487 4509 Hadriane
1514 4444 1552 4507 Ρ.
1570 4445 1607 4507 Ρ.
1624 4447 1664 4507 ti·

121 4566 194 4609 runs
216 4542 318 4609 tidem
343 4546 570 4611 numismatum
592 4546 779 4623 obviorum,
807 4545 864 4633 qni
920 4538 980 4613 t'nli
998 4548 1165 4632 conspiret
1180 4560 1308 4630 tempus
1328 4541 1487 4608 admissae
1510 4544 1660 4609 asabina

119 4746 124 4755 '
150 4754 182 4823 a)
202 4720 336 4811 'remu
351 4754 427 4811 Part.
439 4748 488 4815 ΙΙΙ.
504 4774 534 4832 p.
545 4764 606 4824 955.
679 4749 715 4823 b)
735 4746 810 4809 Nota
824 4751 845 4810 Ι.
863 4755 890 4807 iu
907 4750 997 4809 liadr.
