4267 5500
703 597 903 674 tvmvs
936 597 1182 672 causan.
1693 625 1714 688 3
1833 594 1838 604 ·

156 781 227 846 set,
247 787 313 854 quo
334 779 446 834 tamen
460 788 498 832 se
516 786 653 832 munere
673 779 749 850 post
767 767 838 831 dies
857 768 914 835 XI.

158 871 292 938 abdicat
306 871 359 954 ι).“
676 859 679 868 ’
711 893 715 902 ’
793 895 795 902 s

225 975 271 1043 V.
289 971 405 1057 &706
423 971 515 1034 M.
538 971 590 1048 48.
608 971 727 1034 consul
742 969 787 1032 II.
809 971 886 1032 conl
902 1005 915 1019 ·

157 1097 209 1159 ga
236 1079 274 1141 P.
294 1075 439 1138 Servilio
465 1076 571 1136 Vatia
593 1073 744 1135 Isaurico
770 1069 915 1155 adDyr·

158 1177 336 1242 rhachium
352 1176 457 1241 uictas
474 1174 637 1258 primum,
661 1193 739 1237 mox
756 1171 796 1235 ad
813 1172 915 1236 Phar·

161 1281 269 1342 salum
293 1276 488 1340 Thessaliae
502 1275 653 1340 adversas
671 1288 781 1359 partes
807 1276 917 1338 atterit
964 1303 970 1314 ·

159 1382 204 1449 V.
221 1381 296 1444 idus
316 1382 425 1454 Sext,
456 1377 513 1461 qui
529 1376 600 1439 dies
618 1377 651 1437 in
673 1397 758 1440 anuo
784 1378 916 1460 prolep·

159 1482 229 1546 tico
246 1480 375 1545 loliano
388 1478 475 1544 cadit
491 1479 524 1539 in
537 1499 684 1542 mensem
701 1477 838 1540 lunium.
860 1478 916 1544 vt-

162 1583 207 1648 de
226 1584 313 1648 dicta
334 1581 499 1646 adseram
522 1581 745 1643 Caesarianam
763 1580 840 1645 Vol.
857 1579 914 1646 IV.

163 1707 199 1770 p.
212 1697 286 1762 4ου.
302 1686 352 1746 Ea
364 1683 502 1750 victoria
518 1684 642 1745 Romae
659 1681 764 1745 audita
785 1695 915 1745 creatur

165 1787 306 1851 dictator
328 1787 363 1847 in
386 1783 551 1868 integrum
573 1805 708 1861 annum,
732 1785 789 1868 qui
810 1783 914 1846 bonos

164 1891 305 1973 singulis
341 1886 497 1971 deinceps
531 1884 622 1949 annis
652 1898 702 1962 est
728 1883 913 1949 renoratus.

162 1991 334 2055 Continuo
350 1989 532 2072 fugientem
550 1985 744 2071 Pompejum
761 2005 915 2070 persecu·

161 2109 216 2156 tus
235 2093 272 2154 in
291 2094 443 2176 Aegypto
465 2111 595 2153 caesum
623 2089 770 2171 reperit,
803 2087 913 2172 ibique

162 2193 335 2258 amoribus
378 2193 571 2273 Cleopatrae
601 2191 748 2255 irretitus
776 2202 916 2252 temera-

162 2299 251 2360 rium
280 2316 342 2382 pro
367 2295 484 2359 amasia
514 2297 664 2378 Aegypto
695 2291 914 2376 praeficienda

162 2402 293 2464 bellum
321 2419 395 2462 curu
419 2396 489 2479 ejus
513 2393 617 2459 fratre
633 2396 825 2460 Ptolemaeo
846 2415 915 2456 aus·

164 2505 257 2587 cipit.
367 2529 373 2537 ·
465 2509 470 2516 '
684 2581 691 2587 ἱ

227 2605 272 2672 V.
289 2603 327 2665 C.
341 2620 405 2684 707
423 2601 461 2664 A.
475 2600 516 2660 X.
532 2607 585 2680 47.
606 2597 647 2681 Q,
662 2597 754 2682 Fufio
777 2598 918 2680 Caleno,

166 2711 205 2770 P.
229 2707 372 2767 Vatinio
397 2724 462 2767 cos.
496 2697 726 2765 Alexandriam
754 2701 840 2791 capit
862 2701 915 2766 die

164 2808 300 2875 xxm
325 2806 434 2869 Martii
448 2804 493 2887 1Φ).
528 2805 632 2866 Caeso
647 2804 839 2869 Ptolemaeo
859 2805 916 2866 hu·

165 2910 215 2989 jus
239 2906 351 2970 sorori
370 2909 563 2989 Cleopatrae
585 2907 768 2988 Aegyptum
791 2906 914 2969 tribuit.

164 3010 307 3071 Militem
337 3021 451 3071 contra
475 3006 678 3069 Pharnacem
702 3007 843 3089 Bospori
864 3026 916 3071 re·

166 3132 243 3201 gem
265 3110 369 3193 rapit,
386 3129 526 3193 eumque
546 3106 586 3171 ad
605 3108 728 3171 Zielam
750 3107 916 3191 Cappado-

164 3213 237 3275 ciae
259 3212 364 3275 uincit
386 3210 442 3273 die
462 3214 502 3276 ΙΙ.
528 3210 632 3274 Sextii
648 3220 687 3285 ο).
701 3212 866 3275 Reversus
882 3210 916 3271 in

164 3314 284 3376 urbem
303 3312 495 3396 compositis
505 3312 540 3373 in
563 3312 624 3376 bac
646 3311 749 3375 turbio
776 3312 934 3396 accingit

166 3438 201 3478 se
221 3415 264 3479 ad
286 3416 414 3478 bellum
433 3414 621 3477 Africanum
638 3437 656 3477 a
675 3414 822 3477 Pharsali
840 3416 917 3478 reli·

165 3517 273 3603 quiis,
290 3518 351 3581 sed
369 3538 431 3600 per
446 3503 544 3580 Iubae
562 3516 732 3579 Numidiae
754 3516 844 3600 regis
866 3538 917 3581 ac·

166 3620 354 3683 cessionem
372 3616 556 3683 metuendis
572 3616 765 3697 conflatum,
783 3632 817 3681 et
831 3618 917 3681 circa

166 3722 346 3786 solstitium
377 3722 547 3798 brumale,
577 3718 637 3783 sed
669 3733 743 3783 ante
777 3718 858 3796 hoc,
883 3722 917 3783 in

168 3824 317 3888 Africam
339 3823 461 3907 trajicit
476 3821 526 3905 d)..

231 3928 276 3992 V.
291 3926 328 3991 C.
347 3926 412 4010 708
433 3926 474 3989 A.
489 3924 531 3990 ll.
548 3926 601 4001 46.
619 3926 738 3987 consul
758 3924 830 3990 ΙΙΙ.
842 3944 919 3987 con·

166 4030 247 4113 lege
270 4030 322 4092 M.
342 4028 495 4090 Aemilio
515 4028 638 4107 Lepido
657 4026 918 4109 Scipionemlu·

168 4134 263 4206 bans,
279 4128 450 4192 Petreium
467 4127 508 4188 ad
522 4126 686 4212 Thapsum
701 4128 833 4191 Africae
850 4128 918 4189 vis·

167 4234 213 4296 cit
241 4234 330 4299 Vlll.
355 4230 390 4290 id
414 4229 510 4312 April
534 4231 575 4311 θ).
612 4229 841 4295 Reversusia
865 4247 918 4290 ur·

167 4335 251 4397 bem
276 4331 455 4416 triumphat
482 4344 619 4415 quatuor
647 4332 762 4397 diebus
790 4344 918 4417 quater·

972 767 1022 830 nis
1042 765 1216 850 triumphis
1234 764 1276 832 de
1296 767 1417 848 Gallis,
1433 773 1605 856 Aegypto,
1621 772 1721 836 Phar·

971 891 1074 947 nace,
1106 869 1194 935 luha.
1235 867 1401 935 Correctis
1433 876 1508 937 anni
1537 875 1719 938 rationibus

961 972 1097 1035 bellum
1130 972 1346 1055 Hispaniense
1378 973 1532 1039 dvorsus
1567 977 1720 1061 Pompeii
1805 968 1816 988 ⁸

971 1077 1018 1139 Μ.
1037 1074 1177 1138 ‘liberos
1213 1088 1377 1160 apparat,
1395 1076 1495 1161 idque
1526 1075 1587 1139 sub
1619 1080 1722 1165 ipsam

972 1177 1126 1260 hyemem
1152 1176 1249 1260 gerit
1566 1179 1570 1187 ’
1832 1230 1839 1254 .

1037 1279 1077 1344 V·
1100 1279 1136 1342 C.
1156 1297 1221 1358 709
1236 1279 1278 1342 Α.
1294 1279 1335 1339 X.
1355 1281 1408 1356 45.
1435 1285 1555 1346 consul
1573 1284 1638 1359 JV,
1652 1287 1724 1358 sine

973 1379 1111 1461 conlega
1136 1379 1248 1441 hostes
1278 1379 1365 1443 veris
1388 1393 1559 1465 tempore,
1587 1383 1723 1468 stipsis

973 1480 1106 1564 quidem
1133 1478 1339 1542 Liberalibus
1362 1481 1448 1564 apud
1480 1477 1723 1552 Mundamdif·

971 1572 1051 1645 ficili
1069 1584 1175 1643 Marte
1204 1595 1336 1664 superat
1356 1581 1401 1666 ἶ),
1418 1583 1575 1650 victoriae
1601 1572 1722 1649 nuncio

971 1681 1080 1768 pridie
1103 1682 1262 1746 Parilium
1295 1685 1431 1747 Romam
1457 1688 1586 1770 perlato
1596 1676 1644 1769 a).
1660 1690 1724 1750 Ile·

971 1807 1087 1852 versus
1113 1785 1155 1847 de
1173 1785 1268 1849 victis
1291 1785 1435 1863 civibus,
1456 1787 1544 1873 quod
1559 1811 1723 1874 nunquam

972 1901 1085 1964 antea,
1101 1887 1290 1970 triumphat.
1319 1887 1491 1954 ostentata
1517 1891 1614 1972 regui
1634 1885 1724 1973 eupi-

972 1988 1091 2064 ditate,
1114 2002 1149 2051 ct
1170 1987 1319 2053 admissis
1340 1989 1520 2053 honoribus
1549 1979 1721 2076 plusquam

972 2091 1145 2153 mortalem
1174 2091 1328 2169 deceret,
1347 2093 1493 2156 omnium
1517 2086 1673 2158 insidiam
1690 2107 1724 2156 et

973 2191 1086 2256 odium
1119 2193 1269 2256 incurrit.

1035 2297 1077 2362 V.
1089 2296 1125 2356 C.
1137 2314 1200 2376 7¹⁰
1218 2295 1305 2360 M.
1324 2303 1380 2370 44.
1395 2295 1513 2356 consul
1527 2298 1569 2359 V.
1583 2295 1722 2375 conlega

972 2395 1026 2460 M.
1043 2397 1196 2458 Antonio
1211 2396 1336 2458 bellum
1348 2398 1382 2457 iu
1399 2395 1508 2470 Getas,
1532 2408 1566 2458 et
1580 2396 1720 2458 Parthos

973 2495 1134 2559 meditans
1158 2495 1235 2559 idib.
1255 2496 1380 2560 hlartiis
1406 2496 1442 2559 in
1468 2509 1581 2560 senatu
1603 2498 1722 2562 xx111.
1784 2534 1787 2538 >

972 2598 1163 2664 vulneribus
1177 2600 1282 2661 Bruto
1300 2612 1335 2661 et
1354 2599 1468 2664 Cassio
1491 2597 1723 2681 conjurationis

973 2701 1159 2765 auctoribus
1192 2698 1375 2767 coniicitur.
1520 2705 1523 2710 '

1036 2803 1098 2871 Vir
1122 2802 1163 2865 ad
1185 2788 1298 2866 omnes
1315 2803 1403 2887 pacis
1430 2802 1577 2891 bellique
1614 2820 1722 2883 artes,

973 2904 1093 2990 siquis
1127 2905 1227 2981 alius,
1258 2904 1300 2967 ad
1327 2906 1518 2970 miraculum
1553 2909 1721 2983 excultus,

974 3008 1026 3068 cui
1055 3026 1153 3088 quem
1175 3005 1328 3088 preferre
1360 3021 1490 3089 posset,
1527 3030 1594 3070 non
1623 3008 1724 3071 hahet

973 3106 1156 3191 antiquitas.
1198 3106 1368 3189 ingenium
1403 3126 1497 3182 acre,
1536 3108 1722 3191 eloquentia

974 3228 1049 3271 cum
1076 3208 1202 3284 natira,
1223 3221 1291 3270 ttsm
1320 3208 1490 3270 literarum
1524 3210 1639 3273 studiis
1669 3232 1723 3274 ex·

974 3311 1091 3394 polita,
1111 3311 1236 3373 animus
1256 3322 1324 3372 tam
1348 3309 1388 3372 ad
1404 3309 1589 3373 audendum
1613 3332 1723 3395 yom-

972 3428 1066 3499 ptus,
1088 3435 1185 3498 quam
1205 3412 1251 3473 in*
1266 3410 1411 3477 adversis
1436 3433 1593 3495 praesens
1616 3428 1650 3476 ct
1672 3417 1721 3476 in·
1785 3454 1788 3462 ·

971 3514 1140 3599 trepidus,
1155 3514 1310 3600 sagacitas
1328 3534 1452 3577 summa
1470 3514 1505 3575 in
1528 3496 1722 3598 praeviden-

974 3614 1017 3678 do
1053 3638 1157 3701 aeque
1188 3638 1228 3681 ae
1263 3614 1493 3699 explicando,
1513 3637 1587 3679 cum
1623 3620 1735 3682 maxi·=

974 3738 1028 3781 me
1065 3706 1261 3781 constrictus
1292 3731 1486 3796 teneretur,
1506 3741 1567 3802 par
1597 3719 1638 3781 ad
1667 3740 1722 3803 ag·

976 3819 1193 3903 grediendum
1223 3820 1383 3909 impetus,
1413 3821 1454 3885 ad
1481 3820 1722 3905 perficiendum

973 3922 1147 4008 patientia,
1176 3920 1315 3985 felicitas
1335 3921 1409 4005 plus
1442 3912 1722 4007 quam'humana,

974 4046 1055 4109 quae
1075 4026 1106 4087 ei
1124 4037 1257 4109 praesto
1277 4045 1408 4109 semper
1428 4024 1508 4102 fuit,
1532 4025 1721 4089 etiamnum

972 4126 1112 4211 plurima
1125 4140 1269 4202 temere,
1285 4140 1320 4191 et
1330 4127 1516 4192 inconsulto
1529 4128 1721 4210 susciperet.

973 4221 1026 4289 Ad
1055 4230 1137 4292 haec
1163 4229 1298 4291 comitas'
1323 4228 1514 4313 singularis,
1539 4248 1650 4291 mores
1674 4227 1721 4292 is-

974 4330 1074 4407 ciles,
1108 4350 1145 4393 ac
1173 4331 1369 4413 praesertim
1397 4334 1432 4393 in
1452 4332 1560 4403 uictos
1577 4330 1722 4393 elemen-

207 4668 242 4737 a)
265 4637 427 4720 Caesareis
441 4660 515 4721 licll.
531 4662 587 4721 civ.
678 4661 714 4735 b)
731 4661 795 4722 Kal.
810 4680 912 4718 marm.
926 4660 1034 4719 hlall'ei.
1128 4633 1513 4735 c)*Kal.marm.Amitem.
1606 4664 1641 4735 d)
1660 4662 1717 4735 Cy·

167 4756 269 4833 prian.
285 4752 323 4809 de
337 4750 412 4813 idol.
426 4752 516 4809 veuit.
535 4752 614 4809 Plut.
628 4754 659 4811 iu
676 4754 761 4810 Caes.
780 4772 844 4828 cap.
860 4762 906 4839 52.
923 4750 1070 4809 Minucius
1084 4752 1115 4811 in
1131 4750 1259 4810 Octavio
1276 4772 1301 4809 c.
1315 4754 1359 4815 26.
1381 4748 1446 4808 Cic.
1461 4748 1499 4808 dc
1512 4750 1611 4811 nivis.
1633 4753 1665 4810 L
1681 4754 1719 4812 ll.

170 4850 203 4917 e]
223 4848 302 4903 Post.
316 4842 424 4902 Verrii.
516 4841 542 4914 s)
563 4843 649 4901 hact-
666 4842 740 4903 belli
752 4842 838 4919 llisp.
852 4860 877 4899 c.
890 4852 937 4907 31.

1028 4844 1060 4918 q)
1079 4841 1136 4930 Dio
1149 4842 1183 4902 L
1197 4840 1300 4900 xtttt
1316 4842 1340 4915 §-
1355 4850 1404 4901 tt.

983 4940 986 4947 '
1434 4934 1464 4993 Α
1487 4952 1506 4993 a
