4267 5500
464 577 536 649 att
1075 552 1412 631 TRAIANVS.

395 763 402 775 =
463 731 596 816 Traiani
627 726 792 813 triumpho
820 746 996 806 cocorum,
1035 727 1096 793 scd
1131 726 1209 791 artis
1267 744 1476 809 vercampum
1497 721 1540 803 b).
1572 722 1655 809 Apri
1676 724 1856 813 allegoriae
1879 728 2008 814 disposi-

458 831 783 916 multo-portariorin
796 829 975 915 legendum
989 829 1117 914 potius:
1135 828 1207 897 OB.
1267 827 1424 903 tic‚·tum
1449 838 1483 890 et
1505 826 1630 889 aulicae
1658 846 1733 890 cum
1759 850 1875 894 auersa
1902 852 2010 909 nexus,

461 936 728 1002 TlllVlllPltules
764 935 867 1002 mvl.
903 932 1102 1007 metant,
1135 951 1208 993 nam
1266 948 1365 1012 quom
1392 928 1448 995 rix
1477 946 1619 1013 uuquam
1639 927 1674 989 in
1694 942 1765 993 toto
1795 932 2008 994 contoruiato

460 1061 501 1101 cx
518 1038 626 1101 Dione
644 1048 771 1099 cunstat
786 1046 832 1112 ⁸),
857 1033 1049 1118 imperatori
1067 1032 1207 1116 'I'rajauo
1267 1052 1340 1093 rum
1362 1028 1491 1113 agmine
1517 1030 1683 1113 reperias,
1712 1031 1853 1109 luriunt,
1885 1048 1922 1097 ut
1948 1056 2006 1097 uon

340 1165 344 1172 ’
459 1142 525 1204 vita
554 1139 668 1202 ianne
696 1140 883 1222 spectacula
910 1137 1014 1201 fuisse
1045 1158 1064 1200 a
1095 1150 1209 1201 senatu
1268 1146 1401 1215 gravate
1443 1130 1606 1195 adsentiar
1646 1134 1898 1217 Herercampo‚
1941 1156 2007 1198 cunt

461 1243 610 1317 decreta,
638 1260 721 1325 quae
745 1240 906 1303 Parthico
931 1252 1005 1301 suat
1032 1237 1207 1323 appellata,
1269 1254 1310 1297 ex
1331 1234 1390 1299 rili
1411 1254 1527 1297 eorum
1549 1232 1653 1295 classe
1677 1233 1847 1298 eximenti.
1885 1238 1932 1299 At
1950 1260 2007 1301 noa

458 1356 492 1406 ct
513 1341 680 1415 celebrata
701 1338 906 1425 permultos
926 1358 1046 1415 annor,
1075 1336 1207 1401 tandem
1268 1334 1485 1415 cathlaciuut,
1530 1353 1742 1419 quaecunque
1775 1336 1818 1400 sd
1852 1357 1930 1400 eum
1963 1362 2008 1401 cx·

455 1444 573 1527 peragi
595 1440 758 1507 desivero.
788 1438 883 1535 Quae
900 1440 966 1502 Dio
982 1438 1135 1505 Parthica
1160 1440 1208 1501 di·
1264 1436 1451 1521 plicandum
1467 1436 1537 1505 sire
1557 1434 1714 1513 Erizam,
1737 1438 1807 1503 siro
1825 1440 2007 1515 Tristomos,

456 1546 520 1620 cit,
553 1542 670 1607 eadem
690 1542 778 1605 haud
799 1540 900 1604 dubie
921 1556 1011 1619 suut,
1039 1562 1122 1627 quae
1151 1561 1206 1607 re·
1265 1538 1334 1603 sire
1357 1552 1560 1625 postremum
1576 1538 1821 1623 lisveroampur
1841 1540 1951 1605 aliena
1969 1564 2007 1605 sa·

455 1662 507 1711 tus
529 1643 759 1710 lialeudarium
781 1667 800 1707 a
821 1644 999 1709 Lambecio
1023 1664 1065 1706 ex
1087 1643 1204 1705 biblio·
1263 1662 1325 1718 ne,
1353 1654 1386 1705 et
1406 1640 1506 1725 longo
1528 1642 1684 1708 arcessita
1706 1644 1861 1707 attulere.
1905 1644 2008 1705 Enim·

454 1751 552 1814 theca
580 1746 740 1811 Caesarea
769 1745 893 1809 editum
924 1758 1020 1812 vocat
1048 1746 1205 1811 'l'illVli-
1264 1762 1345 1807 reru
1362 1741 1579 1825 Triumphum
1592 1744 1741 1809 Aurorae
1757 1746 1845 1808 duce
1863 1746 2008 1827 Trojano,

453 1845 1205 1933 Plataea,atanagitaaxtv.1tat.0mo
1262 1862 1350 1910 noro
1376 1844 1524 1909 Hercule
1551 1860 1781 1929 procuratum,
1812 1846 1914 1911 victis
1946 1846 2007 1911 bar·

453 1954 550 2027 lires,
578 1952 634 2035 qui
661 1950 733 2014 dics
762 1951 872 2033 reipsa
898 1949 961 2012 fuir
985 1949 1101 2012 natalis
1124 1950 1204 2011 Tra·
1262 1944 1368 2023 haris,
1397 1946 1490 2011 velut
1518 1947 1692 2027 monstris,
1724 1948 1766 2011 ad
1795 1948 1917 2033 jugum
1943 1948 2007 2012 ada·

454 2056 531 2139 jani.
576 2054 622 2119 Vt
655 2052 738 2116 adeo
773 2064 902 2115 certum
932 2049 1102 2127 rideatur,
1132 2070 1203 2113 cer·
1261 2047 1322 2111 ctis
1343 2067 1460 2114 verum
1480 2048 1579 2114 rideo
1601 2048 1736 2113 illustris
1762 2050 1862 2147 hujus
1891 2052 2005 2115 cimelii

453 2154 573 2219 tamira
615 2154 699 2219 ltaeo
734 2154 976 2230 Patrimon,
1020 2171 1081 2217 scu
1115 2153 1204 2213 ΤΗΙ·
1260 2164 1499 2232 argumentum.
1527 2152 1639 2215 Facile
1661 2166 1712 2215 est
1734 2152 1910 2231 evincere,
1934 2156 2006 2235 lign-

454 2256 687 2324 VMPHALIA
721 2254 764 2317 ob
799 2254 932 2339 Trajaui
966 2255 1054 2316 lruno
1087 2255 1203 2317 trium·
1259 2270 1330 2311 ram
1358 2270 1457 2313 curru
1483 2267 1610 2317 vectam
1633 2272 1707 2317 esse
1729 2256 1916 2332 Auroram,
1948 2278 2002 2317 non

400 2393 403 2405 ·
449 2360 553 2443 pirum
570 2359 765 2421 Parthicum
780 2356 882 2421 iuisre
899 2380 917 2420 a
932 2368 1046 2419 senatu
1056 2354 1101 2417 ad
1115 2354 1201 2419 huuc
1260 2372 1360 2427 reru,
1385 2352 1474 2437 quod
1497 2354 1568 2419 aliis
1589 2356 1709 2432 nsum,
1732 2375 1792 2420 seu
1812 2358 2001 2427 Victoriam,

455 2460 590 2542 Trajuni
609 2458 750 2520 natalem
777 2456 859 2535 lixa,
889 2472 922 2519 et
951 2456 1123 2541 quotannis
1150 2478 1202 2520 re·
1260 2472 1319 2515 reu
1346 2454 1484 2519 Dianam
1512 2456 1638 2523 alatam.
1675 2460 1728 2519 Ex
1756 2459 1835 2542 lege
1867 2479 2001 2523 eommu-

452 2559 569 2622 notari
595 2557 700 2623 aolita.
744 2558 842 2625 Vnde
870 2570 907 2621 et
932 2578 1059 2622 causam
1088 2570 1202 2639 peteo-
1258 2554 1294 2615 ni
1311 2554 1460 2619 Aurorae
1477 2570 1601 2622 tautum
1618 2572 1653 2623 et
1671 2561 1761 2639 alae,
1786 2575 1822 2625 et
1844 2561 1901 2624 fax
1923 2584 1999 2626 con·
2088 2572 2089 2589 *

451 2658 526 2722 dam
553 2658 727 2738 existimo,
764 2680 825 2723 cur
854 2673 943 2723 tanto
972 2679 1112 2723 numero
1146 2680 1200 2723 ex·
1257 2668 1383 2739 petunt.
1415 2658 1542 2721 Aletum
1569 2657 1670 2725 habes
1693 2663 1727 2723 in
1749 2662 1905 2727 Denariis
1932 2686 1998 2749 gon·

452 2774 539 2825 stent
566 2762 761 2826 conturniati
789 2762 922 2846 Trajani
951 2763 1094 2848 imagine
1125 2761 1202 2826 insi·
1257 2759 1298 2822 tis
1320 2759 1484 2841 Plautiae,
1515 2763 1622 2826 facem
1651 2764 1862 2847 praesertin
1888 2767 1996 2851 insigni

450 2885 551 2948 gaes,
572 2863 727 2928 nimirum
746 2865 910 2928 distributi
925 2865 1013 2928 inter
1026 2864 1122 2927 ludos
1141 2865 1200 2928 he·
1256 2881 1356 2924 numo
1379 2861 1603 2926 Alexandrino
1626 2885 1701 2930 cum
1727 2867 1835 2952 capite
1858 2869 1897 2933 1..
1915 2871 1998 2944 Veri,

449 2989 524 3030 rum
546 2966 791 3052 triumphalium
810 2987 906 3031 causa
926 2981 1032 3043 actos,
1060 2987 1098 3032 ac
1122 2987 1199 3030 con·
1257 2983 1355 3048 quem
1385 2964 1465 3027 olim
1490 2965 1579 3028 edidi
1602 2971 1642 3050 ο).
1678 2968 1780 3054 Atqui
1800 2983 1896 3036 vetus
1919 2993 1996 3042 mos,

448 3068 503 3150 jici
529 3083 708 3153 propteroa
733 3069 830 3132 etiam
854 3089 971 3153 posse,
1002 3069 1063 3132 hos
1085 3069 1197 3132 trium·
1256 3079 1360 3129 terras
1379 3067 1413 3128 iu
1432 3079 1540 3130 ortum
1559 3067 1634 3132 sitas
1652 3069 1758 3148 Solis,
1781 3073 1837 3137 rel
1854 3075 1993 3136 Aurorae

448 3172 563 3254 phales
584 3189 806 3254 nequaquam,
837 3183 873 3232 ut
894 3184 1006 3233 namet
1030 3172 1113 3247 Dio,
1145 3191 1197 3234 ce·
1256 3165 1398 3252 imagine
1424 3169 1630 3236 adumbrare.
1673 3171 1728 3236 Sic
1756 3172 1789 3234 in
1816 3177 1924 3238 uumis
1949 3199 1994 3238 au·

447 3271 573 3334 lebram'
591 3269 730 3347 desitos,
747 3271 811 3331 nisi
826 3269 914 3334 sorte
932 3273 1003 3355 ejus
1020 3287 1124 3336 aetate
1140 3293 1196 3336 ne·
1254 3267 1321 3332 reis
1348 3271 1497 3352 Traiani,
1527 3271 1680 3356 signatis,
1713 3295 1755 3337 ex
1779 3297 1845 3361 quo
1869 3277 1909 3341 ad
1931 3277 1992 3340 aat-
2086 3321 2087 3330 η

448 3371 567 3454 plecti,
594 3369 700 3434 serius
721 3371 853 3454 cognito
875 3372 908 3433 in
931 3375 1115 3457 spectacula
1131 3376 1197 3438 Ru:
1255 3371 1322 3432 lum
1340 3371 1528 3436 Parthicum
1550 3373 1718 3456 profectur
1745 3391 1813 3456 eet,
1838 3401 1933 3465 saepe
1952 3381 1991 3444 ti-

448 3479 616 3536 manorum
634 3470 766 3535 adfectu
781 3474 910 3537 restitui
926 3494 1081 3560 coepere.
1254 3473 1332 3538 deas
1361 3469 1591 3558 caput'sotts,
1624 3490 1660 3540 ot
1688 3500 1753 3563 quo
1781 3493 1929 3566 tempore
1953 3483 1988 3544 11.

611 3574 735 3641 DIVO.
762 3577 957 3644 NERVAE.
982 3577 1192 3643 TRAIANO.
1253 3577 1361 3642 Verus
1378 3577 1503 3641 bellum
1522 3599 1596 3643 cunr
1611 3580 1740 3643 Parthis
1756 3585 1878 3667 gestit,
1895 3585 1991 3670 signa·

610 3676 713 3745 AVG.
740 3681 892 3742 Protomo
913 3680 1058 3757 dicioni.
1253 3692 1304 3741 tue
1325 3693 1377 3742 est
1393 3681 1613 3748 Alexandriae
1638 3701 1774 3760 numus,
1802 3707 1898 3770 quem
1919 3710 1988 3749 mot

447 3781 481 3841 S.
505 3779 542 3842 Ρ.
565 3777 608 3872 Q.
630 3780 670 3840 ll.
700 3779 824 3846 DlVO.
855 3781 1065 3846 TRAIANO.
1093 3781 1195 3842 PAR·
1253 3779 1365 3858 citari,
1387 3794 1465 3866 typo
1482 3784 1649 3861 Aurorae,
1673 3797 1708 3848 et
1723 3787 1888 3872 adscripto
1904 3785 1987 3864 taut,

331 3962 335 3968 .
446 3878 595 3969 Talao.
614 3879 752 3943 Aurora
766 3885 920 3963 Asanam
933 3886 1148 3960 luculentam,
1165 3907 1192 3948 s.
1252 3883 1342 3966 quod
1372 3885 1565 3948 vocabulum
1592 3887 1728 3951 Graecis
1761 3893 1901 3953 Aurora
1932 3907 1985 3954 eat.

303 3996 310 4013 ·
441 3984 1194 4065 palmumtenensincurrmquemlcoetopor
1251 3986 1402 4070 Denique
1435 3985 1469 4047 in
1503 3988 1608 4051 numia
1638 3989 1716 4053 iude
1747 3991 1788 4054 ab
1818 3993 1983 4057 Aureliano
2084 3979 2085 3990 ἵ

438 4085 552 4161 juncti
562 4082 719 4163 trahunt3
731 4087 1075 4165 pracceditHcrcules
1086 4089 1194 4149 nudus
1251 4086 1382 4170 signatis
1399 4101 1593 4172 perpetuum
1611 4103 1677 4153 est:
1703 4091 1877 4162 omens.
1892 4097 1982 4161 AVG.

445 4187 475 4246 d.
493 4185 623 4248 olorum
639 4187 896 4267 superhumero.
918 4188 990 4253 ΑΕ.
1007 4187 1191 4254 max-mod.
1249 4201 1327 4272 typo
1358 4189 1456 4256 Solis.
1498 4193 1565 4254 Iam
1596 4213 1675 4256 vero
1704 4195 1737 4256 iu
1769 4199 1914 4260 omnibus
1938 4197 1980 4258 his

486 4288 712 4350 Praestantem
740 4287 827 4350 hunc
856 4310 991 4351 numum
1018 4290 1192 4374 singularis
1250 4293 1467 4356 monumentis
1491 4293 1568 4370 Sol,
1597 4293 1666 4360 sire
1688 4299 1817 4360 Aurora
1839 4299 1981 4363 orbissi·

443 4389 513 4471 typi
531 4409 625 4452 causa
643 4410 847 4475 nequaquam
864 4393 1099 4475 negligendum
1117 4413 1193 4456 cen·
1248 4406 1318 4456 tum
1340 4393 1501 4473 indicant,
1530 4397 1586 4482 qui
1607 4397 1808 4482 principibus
1837 4417 1870 4464 et
1895 4401 1978 4473 belli,

446 4490 515 4565 sui,
549 4491 611 4554 etsi
640 4490 790 4567 rideam,
816 4515 836 4556 u
857 4494 1023 4556 nonnullis
1052 4515 1128 4558 cum
1157 4495 1191 4557 in
1250 4495 1409 4560 aalaidis
1431 4497 1600 4562 materiem
1624 4502 1853 4586 suppeditavit.
1881 4505 1976 4584 Atque

443 4594 654 4658 coutorniatis
684 4594 812 4678 putari,
849 4593 891 4658 dc
924 4617 990 4680 quo
1023 4595 1097 4662 ride
1127 4597 1192 4659 Ha·
1239 4617 1291 4660 ex
1321 4595 1385 4661 hoc
1413 4619 1506 4664 more
1531 4601 1690 4686 Virgilius
1717 4625 1847 4690 quoque
1874 4618 1975 4690 gentos

481 4804 512 4870 a)
531 4801 563 4857 l..
580 4801 677 4858 txtx.
696 4805 757 4876 §.2
831 4804 867 4876 b)
889 4804 926 4860 de
943 4805 1086 4865 Coutoru.
1106 4827 1136 4884 p.
1150 4819 1195 4880 93.
1271 4809 1301 4880 c)
1322 4807 1442 4887 Sylloge
1459 4813 1480 4870 l.
1496 4830 1527 4886 p.
1540 4823 1582 4873 tt.
