4267 5500
444 598 516 670 w,
1059 567 1398 648 AvovsTvs.

447 752 546 821 Nomi
569 754 594 821 Ι.
615 760 649 813 at
667 744 709 810 11.
733 730 810 829 type
831 742 1002 827 Sphingis,
1029 757 1064 808 at
1088 741 1191 826 capri·
1248 742 1377 827 capite,
1397 752 1454 805 aut
1478 738 1660 827 epigraphe
1685 754 1817 808 moneta
1837 740 1942 808 aenea
1956 743 1992 805 iu
2104 755 2105 780 ³

444 857 540 922 corui
574 852 759 935 Augustum
800 844 949 933 proxime
987 845 1190 930 contingunt.
1247 845 1331 909 urbe
1362 844 1486 930 signata
1511 865 1580 906 non
1608 856 1677 921 eat,
1706 857 1743 906 ut
1763 843 1915 929 inhujus
1936 868 1997 909 uu·

418 960 571 1025 ,Lectus
607 951 709 1036 igitur
742 961 793 1010 eat
822 946 862 1009 ab
891 944 1024 1009 urbibus
1055 946 1191 1010 Graecis
1249 947 1311 1009 mia
1341 945 1492 1011 diximus.
1534 945 1703 1010 Habemus
1730 946 1851 1011 deiude
1877 969 1995 1013 numos

431 1060 487 1125 .ad
511 1053 701 1141 captandam
725 1048 883 1135 principis
910 1040 1191 1123 benevolentiam,
1250 1067 1325 1110 cum
1355 1048 1478 1132 capite,
1518 1060 1552 1109 et
1582 1047 1795 1131 inscriptione
1822 1039 1999 1125 'Octaviani

448 1181 544 1247 quam
570 1157 614 1220 ob
641 1172 769 1219 causam
795 1149 834 1213 ab
863 1149 933 1231 eiua
953 1171 1085 1234 quoque
1110 1162 1196 1212 aeta·
1251 1148 1396 1211 nondum
1418 1148 1576 1229 Augusti,
1607 1170 1689 1232 quoa
1720 1149 1881 1235 descripsi
1899 1172 2001 1237 supra

445 1261 490 1337 tia
508 1256 687 1333 Thraciae,
710 1256 962 1335 Commagenes,
987 1264 1021 1313 et
1039 1252 1193 1325 Parthiae
1251 1271 1328 1333 pag.
1348 1252 1413 1327 80,
1439 1271 1554 1314 verum
1575 1248 1618 1312 de
1640 1250 1695 1312 his
1713 1249 1862 1314 dubitare
1883 1255 2000 1332 liceat,

447 1360 583 1447 regibus
638 1354 853 1440 capricornus
892 1364 1043 1415 monetae
1086 1352 1196 1415 illatus
1253 1350 1490 1415 sintnerevera
1506 1351 1674 1413 commatis
1690 1353 1848 1430 Romani,
1869 1368 1906 1417 ut
1924 1377 2000 1419 mox

340 1446 349 1461 ⁹
449 1476 510 1529 est.
553 1458 683 1522 Eodem
711 1454 776 1517 iioe
799 1452 939 1536 Augeati
960 1454 1129 1535 praeclara
1150 1454 1196 1515 ia·
1253 1450 1339 1514 infra
1361 1450 1539 1533 disputabo.
1581 1449 1724 1518 Videtur
1750 1472 1833 1539 ergo
1855 1476 1929 1521 moa
1951 1478 2003 1521 ae.

448 1577 520 1642 ota,
548 1580 630 1644 quae
662 1558 698 1618 in
724 1554 860 1639 reliquis
882 1554 990 1617 numia
1009 1575 1198 1639 proponun·
1253 1574 1348 1617 neam
1370 1566 1533 1634 monetam
1559 1552 1769 1637 imperatoria
1796 1558 1905 1639 capita
1927 1558 2004 1621 iusi·

446 1680 520 1743 tur,
543 1662 644 1726 urbes
666 1658 813 1721 Graecae
832 1657 1025 1739 signavere,
1050 1676 1088 1719 ac
1105 1679 1197 1741 prae-
1254 1653 1389 1739 gnieudi
1418 1654 1558 1737 primum
1580 1655 1641 1719 auh
1669 1654 1850 1721 Octaviano
1871 1659 2004 1725 taudem

449 1767 545 1851 cipue
567 1761 790 1844 famigeratam
813 1756 903 1819 illam
929 1756 1100 1840 signorum
1119 1759 1198 1821 Par·
1253 1755 1402 1839 Augusto
1432 1757 1602 1839 invectus3
1630 1780 1705 1822 nam
1732 1779 1806 1821 oum
1829 1760 1930 1845 hujus
1952 1780 2004 1825 ca·

448 1868 612 1931 thicorum
628 1859 893 1931 restitutionem,
909 1859 996 1942 quod
1016 1860 1119 1922 nolim
1134 1880 1196 1943 per
1253 1856 1342 1938 pite,
1360 1858 1414 1920 uel
1431 1861 1547 1923 saltem
1565 1861 1743 1944 epigraphe
1767 1862 1924 1945 copiosos
1950 1864 2004 1926 ha·

450 1968 673 2052 conjecturam
713 1973 837 2022 tautum
880 1960 1047 2022 adsertam
1084 1959 1195 2043 credi,
1253 1956 1371 2021 bemus
1388 1978 1513 2023 ,aeneos
1542 1964 1567 2024 l.
1585 1976 1620 2024 et
1636 1962 1836 2039 ILiormae,
1866 1984 1911 2025 ex
1936 1965 2002 2048 qui·

331 2104 337 2117 ·
450 2092 526 2134 uam
554 2088 651 2151 supra
678 2063 766 2125 inter
786 2081 903 2125 numos
925 2052 1070 2126 Graecos
1091 2060 1199 2125 incer-
1253 2056 1315 2121 bus
1331 2058 1372 2137 ii,
1398 2061 1454 2144 qui
1472 2076 1563 2126 certe
1581 2062 1715 2127 inurbe
1733 2066 1805 2127 cusi
1822 2078 1920 2141 sunt,
1947 2084 2003 2127 no·

451 2186 559 2236 turum
586 2166 715 2229 urbium
743 2164 890 2247 pag.131
914 2184 1047 2231 numum
1080 2163 1196 2227 similis
1255 2172 1320 2223 tam
1351 2160 1438 2225 S.C.
1462 2182 1529 2224 non
1549 2164 1710 2227 omittunt.
1751 2168 1835 2227 Nam
1856 2178 1950 2243 tum,
1969 2180 2006 2227 ut

393 2352 402 2367 ι
451 2268 637 2357 argumenti
650 2266 785 2351 protuli.
811 2338 814 2343 Ι
1254 2261 1346 2323 numi
1367 2276 1480 2347 aperte
1506 2264 1706 2349 loquuntur,
1731 2278 1934 2331 transactum
1955 2280 2007 2331 est

519 2375 593 2433 lure
607 2388 691 2450 ergo
707 2368 788 2428 hanc
805 2364 884 2427 mihi
901 2364 1016 2431 videor
1027 2386 1124 2449 posse
1137 2378 1199 2429 sta·
1255 2364 1343 2426 inter
1363 2364 1564 2447 Augustum,
1588 2378 1622 2427 et
1642 2378 1811 2442 senatum,
1831 2379 1869 2431 ut
1889 2368 1944 2451 jus
1959 2368 2007 2431 ie·

454 2473 552 2536 hilire
575 2471 702 2552 legem,
723 2482 899 2551 argenteos
920 2454 1053 2529 maximi
1075 2467 1200 2529 moduli
1254 2464 1363 2527 riundi
1384 2467 1458 2528 auri
1474 2479 1513 2529 et
1533 2466 1661 2549 argenti
1682 2486 1786 2551 penes
1808 2468 2005 2555 principem,

455 2578 491 2637 in
512 2570 593 2634 urbe
618 2568 760 2653 signatos
781 2590 848 2631 non
870 2588 962 2645 ease,
990 2582 1127 2651 argento
1149 2589 1199 2630 ao·
1257 2568 1391 2630 etaeris
1407 2582 1672 2651 peneseenatum
1688 2583 1792 2647 esset,
1822 2570 1913 2655 quod
1930 2592 2008 2634 con·

455 2677 497 2739 lia
519 2670 678 2749 denariis,
709 2684 743 2733 et
765 2668 921 2756 quinariis
949 2683 1123 2751 contento,
1152 2670 1200 2733 sic
1257 2682 1363 2731 atante
1391 2670 1467 2754 lege
1494 2691 1597 2756 usque
1629 2670 1670 2734 ad
1699 2671 1888 2735 Gallienum
1918 2671 2010 2737 deiu-

367 2773 374 2792 '
456 2791 493 2842 at
514 2777 541 2840 ai
564 2773 619 2859 qui
648 2773 766 2856 justum
794 2773 920 2835 denarii
946 2772 1074 2856 pondus
1105 2794 1201 2836 exce·
1257 2792 1338 2855 cepa
1359 2784 1409 2833 est
1429 2785 1614 2851 retentum,
1643 2773 1764 2859 dequo
1780 2774 1931 2838 instituto
1951 2776 2008 2840 ali·

457 2879 555 2953 dunt,
586 2895 652 2937 uon
682 2895 821 2951 verear,
855 2874 889 2937 in
919 2875 1096 2959 peregrina
1124 2876 1200 2938 illos
1259 2872 1294 2934 bi
1311 2872 1438 2956 egimus
1459 2876 1499 2957 ²).
1520 2873 1715 2970 Quicunque
1733 2897 1817 2960 ergo
1834 2877 2007 2941 aeueino·

457 2993 587 3044 moneta
619 2988 753 3061 putare,
781 2990 877 3061 atque
906 2977 994 3040 istud
1015 2995 1081 3038 uon
1103 2976 1201 3040 modo
1260 2987 1326 3036 tam
1347 2975 1383 3039 S.
1400 2976 1436 3040 C.
1458 2975 1535 3040 inde
1565 2978 1605 3041 ab
1635 2979 1699 3042 hoc
1728 2993 1881 3063 tempore
1913 2980 2008 3044 omit·

457 3083 666 3147 observatum
693 3079 865 3163 superiore
893 3079 1129 3163 imperatorum
1151 3100 1204 3142 ae·
1260 3087 1351 3151 tunt,
1376 3098 1491 3141 omnes
1512 3079 1582 3158 illi,
1614 3081 1757 3165 demptis
1785 3080 2008 3165 paucissimis,

457 3206 500 3250 vo
536 3186 624 3264 (nam
656 3202 737 3245 aevo
770 3179 929 3243 inferiore
960 3182 1024 3244 alia
1051 3194 1202 3244 monetae
1260 3177 1412 3241 officinae
1439 3193 1574 3244 exterae
1606 3196 1720 3266 partus
1749 3197 1824 3246 eunt
1853 3182 2010 3246 hahendi.

458 3287 624 3348 Romanae
646 3283 730 3344 ratio
752 3281 867 3361 ualuit)
896 3279 957 3342 aed
980 3283 1077 3346 etiam
1100 3296 1203 3346 stante
1262 3281 1307 3341 Et
1325 3296 1406 3343 ‘eane
1429 3283 1544 3346 oculus
1565 3283 1741 3348 tractandis
1767 3285 1879 3348 numia
1902 3284 2013 3348 erudi·

458 3384 649 3470 republica,
677 3395 713 3443 ut
734 3379 846 3442 monui
867 3379 900 3440 iu
922 3395 1061 3446 tractatu
1084 3382 1125 3444 de
1147 3403 1205 3443 nu·
1262 3393 1314 3442 tua
1349 3380 1578 3464 deprehendet
1610 3386 1644 3446 iu
1672 3385 1809 3468 singuiis
1838 3385 1965 3471 aliquid
1994 3409 2012 3447 a

459 3487 522 3576 mip
555 3483 779 3549 consularibus
809 3483 915 3566 eapite
942 3483 1000 3548 vt.
1049 3485 1094 3546 Et
1127 3503 1208 3547 vero
1265 3497 1417 3546 monetae
1444 3482 1486 3551 R.
1509 3485 1654 3564 fabrica,
1671 3487 1860 3568 volumine,
1887 3487 2016 3552 metalli

461 3586 738 3652 tetradrachmum
783 3604 916 3667 semper
951 3597 1020 3646 tum
1060 3597 1208 3647 exteram
1265 3583 1320 3675 vel
1346 3585 1481 3661 colore,
1507 3589 1562 3651 vel
1586 3587 1750 3668 crassitie,
1771 3591 1880 3680 typis,
1898 3589 2017 3654 iuscri-

461 3703 625 3752 monetam
644 3688 743 3750 fuisse
762 3685 918 3763 habitum,
934 3683 1033 3749 docet
1050 3686 1207 3756 Volusius
1264 3685 1384 3768 ptionis
1406 3686 1505 3751 modo
1527 3687 1695 3754 abludena.
1739 3691 1889 3755 Primum
1911 3693 2016 3777 igitur

461 3794 668 3854 Maecianum
689 3791 902 3852 Victorianus
915 3791 1207 3851 nunctcntundem
1266 3787 1300 3848 iu
1314 3787 1471 3872 judicium
1488 3789 1630 3857 veniant.

456 3894 577 3967 uolet,
599 3903 759 3971 quantum
783 3893 960 3968 quinarius
976 3891 1077 3967 olim,
1102 3902 1137 3952 et
1153 3910 1211 3972 pe·
1332 3890 1445 3953 Aeaei
1465 3897 1609 3955 maximi
1628 3894 1766 3958 moduli.
1809 3897 1882 3960 Hac
1908 3909 2016 3960 aetate

463 3995 618 4075 argrinus
645 4009 766 4052 numus
796 3991 870 4052 loco
892 3993 1034 4069 mercis,
1058 4003 1097 4052 ut
1121 4012 1210 4053 nunc
1266 3989 1356 4054 numi
1391 3992 1487 4078 hujus
1522 3992 1669 4074 formae,
1706 3994 1806 4058 etiam
1844 3997 2018 4060 commatis

468 4089 923 4158 TETRADRACHMVM
956 4104 991 4156 et
1024 4092 1211 4184 DRAOH·
1265 4093 1454 4178 peregrini,
1483 4097 1613 4178 perrari
1641 4109 1728 4162 aunt.
1777 4090 1935 4191 Quinque
1965 4121 2020 4163 ao·

465 4195 568 4272 MA,
587 4191 783 4255 habebatur.
832 4273 851 4310 ι,
1198 4195 1203 4205 ’
1266 4195 1335 4257 lum
1365 4196 1437 4276 ejus
1467 4197 1600 4280 generis
1629 4195 1770 4283 demptis
1792 4200 2019 4266 Contorniatia

728 4321 747 4357 e
934 4320 954 4359 a
1266 4297 1392 4380 reperit
1437 4299 1629 4378 Moreliius,
1666 4321 1793 4391 eaeque
1829 4301 2020 4369 delineatoa

527 4395 633 4462 Numi
653 4395 758 4455 aenei.
800 4392 852 4453 De
877 4405 1007 4455 moneta
1029 4415 1132 4458 aenea
1151 4394 1210 4458 hu·
1252 4389 1346 4460 'stitit
1374 4397 1482 4463 tabula
1509 4401 1624 4468 xttttt
1670 4403 1727 4464 Ed
1750 4403 1801 4473 hia
1830 4405 2020 4482 secundus,

462 4495 515 4580 jas
533 4497 644 4561 aetatis
663 4496 745 4558 haec
762 4514 803 4556 ex
825 4493 931 4555 numia
948 4493 1028 4576 ipsis
1047 4497 1209 4580 comperi·
1264 4497 1299 4560 iu
1318 4519 1387 4584 quo
1402 4501 1436 4564 S.
1455 4501 1493 4567 C.
1516 4502 1602 4566 intra
1622 4524 1802 4587 quemam,
1825 4519 1878 4569 est
1900 4507 2022 4570 Antio·

466 4619 551 4666 mua.
592 4602 775 4683 Imperante
798 4599 824 4661 1.
846 4595 985 4660 Caesare
1015 4617 1089 4660 cum
1111 4597 1206 4681 hujus
1264 4599 1357 4665 chiae
1390 4601 1523 4686 Syriae,
1558 4605 1613 4668 vel
1642 4605 1742 4670 vieini
1770 4621 1914 4687 tractus,
1946 4623 2021 4674 ter·

464 4737 2015 4770 -··—--—----—-—--—--—------.-....

505 4803 536 4871 a)
554 4800 652 4861 vol.1.
671 4801 786 4878 Proieg.
802 4821 868 4880 gen.
883 4801 1035 4880 cap.Xiii.
