4267 5500
467 593 541 664 aa
1082 567 1411 644 aucteurs,

449 770 509 811 ‚no
541 748 588 813 V.
606 743 642 812 C.
671 739 752 820 cot,
791 756 824 806 et
860 739 993 804 ineante
1023 737 1107 804 adeo
1136 760 1214 803 mox
1254 761 1386 825 pascas
1403 738 1435 821 ¹³)
1458 737 1494 801 iia
1513 759 1594 804 vere
1615 741 1801 804 rarsaat'in
1822 739 1930 806 aciem
1952 743 2013 805 eui·
2092 798 2094 803 ,

467 849 545 938 trib.
565 859 726 932 potestate
743 845 845 912 XVII.
869 844 903 905 in
923 844 1062 906 Parthos
1079 841 1214 928 profec-
1269 844 1338 920 rit,
1362 843 1490 928 reliqua
1510 840 1593 906 belli
1613 842 1824 907 coniecturas
1844 846 1888 926 ο).
1924 842 2011 938 Qase
2092 832 2094 859 '

467 966 556 1029 tum,
583 973 623 1014 aa
648 947 827 1014 verisimile
850 960 915 1023 est,
947 945 1213 1027 Trajanamtoto
1271 945 1403 1030 quidem
1432 946 1540 1008 omnis
1571 945 1647 1007 satis
1673 945 1713 1007 ab
1743 944 1804 1022 iis,
1839 965 1926 1030 qaae
1955 965 2011 1027 per

468 1054 533 1117 boc
564 1051 729 1115 tribunatu
759 1061 814 1112 aut
847 1049 988 1112 otiosam
1019 1043 1212 1110 Antiochiae
1269 1057 1440 1131 utram'qae
1491 1044 1807 1110 animidrersieae'm
1859 1046 2010 1120 dirimas,

469 1137 675 1230 consedisie,
698 1164 752 1214 eat
772 1151 897 1212 nullutn
920 1137 1063 1233 patrasse
1085 1147 1213 1231 insigne
1270 1146 1480 1213 refellantur.
1515 1145 1676 1213 Omnibus
1696 1148 1798 1231 igitar
1822 1147 1876 1209 bie
1905 1169 2009 1212 secam

466 1247 586 1320 tiorum
609 1254 785 1328 bellicum,
815 1273 879 1336 qao
907 1249 1114 1334 imperatoris
1141 1248 1217 1310 tita-
1272 1249 1399 1314 collatis
1420 1249 1597 1333 praestabit
1621 1249 1752 1332 Traiani
1778 1268 1821 1311 ex
1848 1247 1934 1312 urbe
1955 1249 2011 1310 dir-
2092 1258 2094 1275 '

467 1357 537 1430 lam
566 1369 719 1439 angeret,
755 1374 828 1416 cant
857 1365 966 1418 tamen
993 1350 1060 1414 Dio
1086 1349 1214 1412 initiam
1271 1371 1399 1414 cessam
1418 1351 1524 1434 figere
1547 1352 1588 1415 ad
1610 1373 1726 1415 aunam
1743 1353 1786 1418 V.
1801 1351 1840 1414 C.
1856 1352 1939 1432 887,
1962 1349 2010 1414 do

467 1458 550 1522 belli
575 1455 681 1520 statim
709 1453 749 1517 ab
776 1453 847 1537 ejas
867 1453 901 1514 ia
924 1453 1050 1536 Syriam
1072 1445 1214 1514 adventa
1271 1452 1349 1515 inde
1366 1452 1605 1516 Antiochenam
1624 1466 1733 1516 terrae
1751 1465 1877 1515 motam
1902 1452 1940 1516 ad
1959 1451 2010 1529 iai-

468 1558 586 1622 ducet?
614 1557 665 1618 Ex
689 1556 739 1617 his
764 1553 842 1637 ipsis
868 1555 965 1618 etiam
989 1552 1090 1615 titulis
1117 1551 1216 1614 doce·
1271 1555 1352 1617 tiam
1379 1554 1454 1616 anni
1481 1555 1563 1631 868,
1592 1555 1684 1637 cujas
1707 1555 1858 1637 proximo
1879 1555 2009 1618 rencia
2092 1550 2094 1559 ’

467 1681 558 1736 mur,
584 1679 650 1720 non
673 1657 823 1741 potuisse,
841 1655 1015 1738 Trajenanr
1041 1653 1075 1715 ia
1096 1654 1216 1716 Orien·
1270 1656 1411 1719 Parthos
1426 1675 1578 1737 egressas
1593 1669 1644 1718 est
1659 1657 1836 1718 meriturus
1850 1655 2009 1740 duplicent

466 1774 534 1826 tem
550 1761 642 1824 exire
660 1780 744 1822 anno
762 1770 920 1842 sequente
935 1758 976 1824 V.
989 1757 1026 1819 C.
1041 1757 1124 1836 aaa,
1139 1776 1215 1818 nam
1271 1756 1479 1840 imperatoris
1506 1756 1572 1820 boc
1596 1755 1705 1821 adbuc
1727 1777 1812 1821 sano
1837 1757 2008 1831 bonorem,

466 1864 645 1953 appulisset
662 1882 718 1938 eo,
738 1859 866 1951 quando
881 1860 945 1943 jam
960 1857 1053 1922 inivit
1069 1857 1146 1922 trib.
1157 1877 1215 1942 po·
1267 1878 1397 1943 neque,
1422 1869 1477 1935 ‚at
1518 1856 1606 1936 dixi,
1647 1859 1779 1922 videtur
1820 1860 2009 1936 verisimile,

464 1979 615 2028 testatem
636 1963 722 2026 xlx.
751 1961 872 2046 Atqui
894 1960 1012 2024 deinde
1038 1960 1215 2023 lrerelio·
1271 1959 1447 2043 'l'rajauam
1475 1958 1539 2023 uisi
1565 1960 1657 2024 linita
1684 1955 1778 2025 bello
1807 1959 1850 2022 ad
1879 1961 2009 2026 hiberna
2092 1954 2094 2011 l

466 2067 553 2130 mani
570 2061 700 2150 imperii
717 2063 844 2140 hostes,
869 2060 911 2126 dc
930 2061 1048 2146 quibus
1063 2062 1096 2123 in
1115 2062 1215 2125 tribn-
1270 2061 1478 2127 Antiochiam
1515 2081 1700 2128 reversam.
1749 2062 1918 2138 Norisias,
1958 2063 2008 2145 qai
2092 2035 2094 2061 Ι

465 2181 542 2230 nata
560 2169 677 2234 xvtlt.
702 2165 796 2230 victis
821 2163 909 2228 titali
931 2162 1136 2248 imperatorii
1156 2185 1215 2226 aa·
1272 2165 1352 2229 olim
1379 2162 1511 2246 Traiani
1539 2163 1786 2247 expeditionem
1818 2163 1862 2227 ad
1898 2185 2006 2228 acaum

458 2291 594 2334 meram
612 2266 788 2330 biscaxitl
1270 2268 1312 2333 V.
1334 2267 1371 2328 C.
1398 2264 1462 2330 865
1491 2266 1531 2330 Ρ.
1552 2264 1595 2331 Χ,
1620 2283 1697 2340 rra,
1730 2265 1787 2331 vel
1814 2285 1881 2328 aon
1911 2257 2006 2328 multo

529 2372 581 2431 Ex
611 2370 662 2432 bis
691 2368 797 2452 palem
827 2365 882 2443 fit,
912 2367 1028 2430 Dionis
1056 2364 1213 2429 narratio·
1270 2365 1395 2430 tardius
1418 2366 1535 2430 fixerat
1555 2365 1606 2448 d),
1635 2367 1741 2430 serias
1760 2387 1834 2430 eam
1851 2389 1934 2432 anno
1950 2368 2006 2431 boc
2092 2390 2094 2419 t

464 2492 544 2534 nem
561 2469 727 2553 hucperte
744 2489 819 2530 cunr
839 2466 1006 2532 veteribus
1023 2487 1235 2530 monumen-⁴
1268 2469 1342 2554 ipso
1362 2469 1404 2535 V.
1418 2468 1454 2531 C.
1472 2466 1535 2550 8⁶7
1557 2470 1594 2530 P.
1613 2469 1656 2534 X.
1673 2478 1735 2544 nl,
1754 2469 1938 2533 inchoatam
1959 2489 2007 2552 eg·
2092 2450 2094 2529 i

464 2571 506 2634 tis
531 2590 646 2653 param
671 2589 743 2634 esse
769 2569 989 2644 concordem,
1013 2568 1097 2643 nisi,
1124 2567 1214 2651 quod
1270 2569 1362 2632 norit
1383 2569 1430 2650 e),
1456 2569 1593 2653 ejusque
1620 2570 1734 2647 lectis,
1760 2569 2004 2654 pendentisque
2092 2556 2094 2592 ³

464 2670 645 2761 verisimile
688 2663 834 2746 videtui,
877 2685 1030 2757 corrupta
1069 2669 1149 2733 init.
1172 2669 1213 2732 ab
1269 2670 1448 2735 rationibus
1489 2669 1651 2755 acquievit
1695 2671 1796 2736 'etism
1840 2674 2007 2737 Tillenoa·
2092 2708 2094 2727 ι

465 2776 681 2860 epitomatore
703 2774 884 2857 xiphilino.
918 2772 1105 2837 Secundam
1126 2772 1213 2836 hunc
1269 2772 1424 2856 tius-¹).'

428 2880 602 2941 'necesse
619 2875 726 2951 soret,
750 2896 816 2945 ano
835 2894 918 2939 anno
936 2876 1067 2962 Trajani
1084 2876 1213 2961 proiec-

465 2980 589 3043 tionem
615 2977 803 3061 anticipare.
837 2978 918 3041 Nam
945 2993 1117 3063 postquam
1140 2998 1214 3040 nar·
1291 3016 1338 3077 M
1345 3013 1423 3077 AG
1430 2977 1559 3077 [ΠΗ
1564 3012 1711 3078 ATVS
1733 3023 1769 3077 e,
1795 3014 1981 3079 TITVLL
2092 2965 2094 3044 ζ

462 3096 587 3157 resset,
619 3101 695 3143 eum
721 3076 926 3142 Antiochiam
952 3080 1146 3145 adventasse
1166 3080 1211 3158 ⁰),
1264 3128 1270 3139 .
1440 3092 1446 3104 ‘
1523 3091 1527 3106 '

463 3183 620 3248 continuo
641 3180 767 3242 bellam
789 3180 934 3259 orditur,
966 3196 999 3244 et
1026 3204 1088 3267 qaa
1115 3182 1213 3245 ratio-
1270 3182 1324 3244 De
1340 3184 1744 3266 temporeeiioptions's,et
1757 3183 1837 3246 trib.
1850 3192 2003 3268 potestate
2092 3191 2094 3238 t

465 3304 509 3346 nc
532 3282 690 3364 Traianus
712 3280 899 3343 Armeniam
922 3280 1106 3366 subegerit,
1138 3284 1212 3347 sab-
1574 3284 1719 3361 vajani.

464 3382 541 3446 iude
569 3382 737 3465 trajecerit
758 3382 792 3442 in
814 3384 1099 3466 Mesopotamiam,
1128 3385 1213 3468 ejas·

463 3502 531 3573 'que
556 3482 673 3568 oppida
696 3482 841 3566 ceperit,
869 3483 973 3548 dietas
995 3500 1212 3571 proptereat«
1333 3485 1490 3569 Boileyue
1507 3484 1541 3546 in
1560 3482 1687 3548 erudita
1697 3483 1931 3564 dissertatione,
1945 3506 1999 3569 qna

464 3600 578 3652 senatu
607 3588 775 3667 Optimus,
804 3600 837 3650 et
858 3610 876 3650 a
898 3585 1053 3651 militibus
1079 3586 1213 3651 Parthi·
1269 3608 1404 3650 numum
1438 3586 1618 3664 Graecam,
1661 3587 1718 3669 qni
1755 3589 1896 3669 Traiano
1933 3586 2001 3650 trib.

463 3712 524 3753 cus
542 3687 663 3764 Nisibi,
687 3688 882 3772 Batanisqne
902 3688 1013 3772 captis.
1044 3689 1148 3774 Igitur
1169 3712 1211 3753 ex
1269 3701 1465 3773 potestatem
1513 3688 1601 3753 xxt.
1653 3684 1891 3770 (AHMAPX.
1939 3683 1998 3750 ni.

463 3789 583 3852 Dionis
604 3788 763 3851 sententia
787 3810 871 3852 anno
888 3791 930 3857 V.
951 3792 988 3855 C.
1002 3790 1066 3855 ilic
1087 3791 1127 3853 ad
1142 3791 1212 3855 bel·
1268 3792 1370 3874 KA.)
1392 3789 1529 3866 adserit,
1559 3790 1727 3875 explicare
1747 3810 1920 3875 aggressus
1939 3803 1997 3857 est·

463 3894 532 3955 lum
559 3892 623 3954 boc
651 3904 701 3953 est
724 3889 912 3973 prolectas,
945 3904 979 3955 ct
1001 3892 1035 3954 ia
1058 3913 1141 3957 vere
1162 3915 1212 3980 se·
1269 3906 1344 3956 ante
1373 3892 1481 3956 omniu
1507 3910 1644 3957 accesso
1665 3892 1775 3969 darit,
1803 3907 1929 3977 tempor
1952 3890 1998 3953 ad·

466 3992 694 4079 quontisanai
713 3993 775 4073 867
795 4004 913 4075 coepto
936 3992 1028 4057 bello
1049 3995 1211 4079 usquead
1241 4034 1245 4039 -
1269 3994 1411 4079 optionis
1440 3994 1572 4076 Traiani
1600 3995 1635 4056 ia
1661 4011 1800 4057 examen
1827 4015 1940 4061 vocare
1960 3995 1997 4071 ε).

463 4096 582 4160 biennis
601 4094 728 4155 initiam
748 4092 829 4154 ioris
848 4094 958 4171 stetit,
980 4108 1046 4157 tana
1064 4097 1211 4179 Euphro-
1263 4098 1425 4161 Recitatis
1453 4096 1619 4159 rariorum
1647 4098 1839 4173 sententiis,
1874 4115 1996 4183 qaorum
2092 4127 2094 4138 =

463 4215 498 4263 ta
524 4218 654 4261 rursum
682 4194 1043 4278 trajectortnriochiam
1067 4198 1210 4281 repetiit.
1269 4199 1325 4261 alii
1342 4199 1429 4267 dieat
1444 4199 1560 4265 xvut.
1579 4198 1796 4280 Septembris,
1811 4197 1996 4263 atttxxvtt.

464 4302 514 4363 lbi
548 4300 610 4363 sab
639 4296 765 4359 initiam
796 4296 871 4361 anni
900 4298 1006 4395 QG.
1035 4299 1116 4374 868,
1155 4302 1211 4385 qai
1268 4303 1323 4365 vel
1349 4296 1500 4367 XXVIII.
1523 4298 1790 4379 Octobris,·alii
1816 4299 1996 4384 principiam
2092 4318 2094 4322 ’

463 4416 602 4487 propter
631 4398 775 4463 Pedonis
806 4398 1025 4489 consolatam,
1058 4412 1095 4461 at
1125 4398 1209 4476 dixi,
1267 4401 1463 4467 Novembris
1491 4402 1656 4478 maluere,
1683 4402 1756 4485 ipsc
1779 4401 1933 4467 Paurinio
1952 4398 1996 4463 sd·

372 4554 381 4568 ,
463 4503 547 4567 fixus
578 4516 649 4579 est,
683 4520 816 4587 gravem
844 4514 1107 4579 terraemotum
1135 4522 1210 4585 per·
1267 4506 1402 4582 haeret,
1429 4502 1705 4587 adoptionemad
1726 4505 1845 4571 xvllt
1865 4505 1995 4586 Septen

498 4728 532 4797 a)
550 4724 583 4780 L.
599 4688 772 4799 lxviiii.
787 4732 827 4787 t8.
901 4724 936 4797 b)
957 4722 974 4780 l.
994 4727 1118 4798 c.§.2.t.
1193 4728 1223 4797 c)
1244 4726 1405 4797 l.c.§.26.
1479 4726 1515 4799 d)
1535 4727 1565 4783 iu
1578 4726 1671 4802 Epist.
1686 4748 1768 4785 cons.
1844 4730 1875 4797 e)
1893 4722 1992 4801 epota

463 4816 575 4891 Syr-om.
591 4832 621 4889 p.
633 4822 693 4875 ¹85.
770 4812 795 4885 l)
816 4814 844 4868 in
861 4826 930 4870 natu
944 4814 1034 4871 XXII.
1049 4827 1077 4871 ct
1090 4814 1178 4876 XXV.
1195 4817 1224 4871 ia
1242 4818 1321 4892 Trej.
1396 4824 1429 4891 g)
1447 4817 1536 4874 bleta.
1551 4817 1583 4874 B.
1601 4817 1634 4872 L.
1650 4818 1686 4872 T.
1699 4816 1775 4875 XXI·
1793 4836 1825 4893 p.
1838 4828 1899 4880 tot
