4267 5500
426 584 468 663 ιο
586 512 588 516 ’
951 570 1159 647 svasve
1193 565 1445 645 causan.

425 759 536 813 curata
558 765 624 809 asu
651 744 810 810 definiant
834 744 1031 829 scriptores,
1063 757 1174 807 tamea

427 870 467 911 er
491 847 660 911 Ciceronis
690 846 877 911 testimonio
900 846 1075 910 coniicitur
1096 868 1175 911 eum

426 970 488 1035 per
502 950 648 1035 proxima
671 948 838 1035 sequentis
856 948 1029 1015 Februarii
1046 951 1174 1034 Luper·

426 1052 507 1141 calis
522 1052 607 1117 huuc
622 1052 782 1116 honorem
795 1051 859 1136 jam
872 1051 996 1117 tulisse.
1012 1050 1068 1115 Sic
1086 1052 1175 1116 enim

425 1154 484 1219 illo
505 1155 549 1238 ¹)=
582 1156 636 1218 Ae
652 1158 756 1217 etiam
779 1154 926 1231 adscribi
940 1155 1044 1232 jussit
1065 1156 1103 1217 irs
1115 1156 1176 1237 sa·

425 1259 490 1321 sts's
503 1258 550 1319 ad
567 1257 788 1336 Lupercalia:
808 1257 845 1318 C.
862 1255 1000 1317 Caesari
1014 1256 1178 1320 dictatori

422 1369 583 1441 perpetuo
597 1359 647 1419 M.
666 1358 857 1420 Antonium
873 1356 1040 1419 consulem
1057 1357 1178 1440 populi

394 1460 519 1537 ‘jussu
547 1478 685 1541 regnum
713 1460 890 1533 detulisse,
924 1459 1097 1521 Caesarem
1124 1460 1179 1521 uts'

428 1561 584 1623 noluisse.
614 1557 862 1642 Peragobsntur
885 1556 1082 1640 Lupercalia
1102 1558 1177 1626 XV.

427 1660 604 1724 iialfflart.
621 1673 705 1723 teste
720 1658 841 1723 Ouidio
857 1656 902 1739 δ).
922 1660 1014 1743 Ergo
1027 1680 1068 1723 ex
1086 1661 1180 1724 Cieo-

428 1762 518 1848 rapis
536 1760 646 1826 rerbis
666 1762 785 1824 Caesar
802 1760 862 1826 hic
877 1762 931 1825 die
948 1760 1179 1846 dictator-per·

429 1879 529 1949 petuo
544 1863 608 1947 jam
624 1862 696 1928 suit.
714 1866 751 1926 ln
766 1862 875 1927 edicto
889 1866 914 1930 1.
931 1864 1078 1927 Caesaris
1091 1864 1178 1948 apud

430 1965 606 2049 iosephuss
626 1965 805 2049 regirare).
832 1960 929 2041 Pasce
947 1964 1074 2047 Καισαρ
1092 1965 1178 2029 ἀυτο-

430 2088 562 2147 aeaeae,
589 2058 744 2147 laesurae
765 2088 981 2144 cormacum,
1009 2067 1122 2143 ὑπατος
1145 2091 1182 2129 rs

431 2188 466 2231 ‘su
489 2190 641 2253 napaeos,
672 2164 823 2246 lauressae
847 2162 1102 2252 rinolelupperoc
1126 2161 1181 2231 isos

432 2279 505 2345 prou.
538 2272 572 2335 0.
597 2268 721 2333 Caesar
744 2274 926 2351 imperator
949 2272 1096 2331 dictator
1116 2270 1179 2331 JV.

433 2371 551 2433 consul
574 2373 615 2435 7.
640 2372 787 2432 dictator
803 2371 998 2453 designatus
1009 2382 1180 2452 perpetuo.

432 2470 531 2533 Numi
553 2470 652 2555 igitur
680 2471 742 2534 hcc
767 2469 896 2535 honore
925 2472 1074 2555 inscripti
1093 2473 1181 2536 inter

433 2587 617 2657 postremos
632 2572 780 2637 Caesaris
795 2573 942 2651 locandi,
960 2576 1022 2641 etsi
1045 2572 1181 2638 dubiam

337 2700 341 2708 ·
433 2675 576 2754 nonsit,
600 2696 715 2738 eorum
731 2675 917 2759 complures
941 2676 1038 2740 etiam
1057 2694 1101 2740 eo
1117 2677 1182 2761 jam

435 2799 454 2843 s
475 2778 557 2845 risis
577 2789 693 2862 erepto
714 2777 815 2842 fuisse
831 2778 986 2864 signatos.

576 2982 580 2990 ·
687 2963 941 3048 Imperator.

501 3087 537 3146 ln
550 3083 656 3148 numia
671 3080 819 3148 Caesaris
839 3097 872 3146 et
885 3103 1112 3149 suceessorum
1127 3083 1185 3148 siu·

438 3186 515 3270 ples
535 3199 587 3250 est
606 3185 689 3249 ratio
704 3185 790 3270 tituli
808 3183 1026 3267 imperatoris.

501 3289 526 3349 1.
558 3287 662 3350 Natus
682 3286 710 3347 is
732 3299 782 3348 est
801 3285 842 3348 ab
864 3288 1098 3352 acclamatione
1129 3287 1187 3350 mi·

442 3387 548 3465 litari,
576 3400 610 3449 et
631 3385 791 3468 repstitus
821 3388 966 3471 saepius,
998 3403 1032 3452 ct
1054 3402 1110 3452 sat
1130 3390 1189 3450 mi·

441 3487 553 3552 litibus
582 3485 694 3564 libuit,
732 3497 786 3550 sat
816 3485 892 3552 duci
920 3503 1091 3573 acceptare
1121 3490 1189 3575 pla·

441 3590 517 3656 cuit.

505 3675 552 3759 Π]
574 3690 823 3756 rammasses
845 3689 961 3770 modo,
993 3713 1059 3779 qao
1081 3693 1190 3757 sabia·

441 3793 484 3858 sle
506 3795 563 3872 iis,
593 3795 650 3880 qui
679 3815 839 3858 summum
868 3794 1040 3879 imperium
1063 3786 1213 3862 alutine-=

440 3896 535 3972 bans,
571 3909 720 3981 tauquam
749 3917 872 3960 nomeu
900 3899 1033 3984 aliquod
1061 3893 1190 3986 prop‘ri·

443 4019 497 4062 usu
530 3997 671 4064 delatum
699 3997 777 4076 suit,
816 4013 850 4063 et
880 4023 946 4087 quo
975 4023 1093 4066 revera
1122 4003 1189 4087 pri·

337 4085 343 4098 ⁸
443 4121 531 4165 suum
550 4099 625 4163 huic
642 4100 775 4164 Caesari
788 4099 890 4165 inisse
907 4101 1049 4166 delatam
1064 4103 1188 4168 diserte

444 4215 581 4268 testatur
606 4202 672 4267 Dio
688 4201 738 4285 ιΙ),
767 4216 801 4267 et
825 4205 1018 4271 Suetonius:
1045 4207 1103 4292 qui
1121 4228 1190 4272 me·

444 4319 550 4371 morat
563 4307 611 4391 ε),
627 4326 704 4369 eum
717 4319 902 4390 acceptasse
915 4327 1114 4390 praenomen
1130 4313 1190 4373 im·

441 4413 628 4490 paratoria,
656 4408 756 4494 idque
772 4409 860 4474 iuter
882 4429 993 4475 causas
1015 4409 1189 4479 adornatas

429 4593 1995 4629 mm*-
2111 4626 2115 4634 ,

1230 738 1386 805 adsersus
1404 758 1478 802 eum
1498 737 1747 823 conspirationis
1769 736 1888 805 refert.
1909 738 1982 804 Seri

1231 840 1274 905 de
1295 842 1359 906 isoo
1385 841 1480 904 titulo
1502 842 1644 907 caradas
1665 855 1783 929 egetur
1803 843 1839 905 iu
1860 856 1980 909 tracte·

1230 958 1266 1007 tu
1281 942 1452 1029 peculiari.

1295 1045 1347 1108 tu
1367 1047 1504 1130 primam
1522 1045 1685 1111 rationem
1700 1047 1847 1131 pertinet
1861 1068 1983 1113 namus

1231 1149 1355 1217 stum
1388 1133 1579 1233 inscriptas:
1616 1150 1652 1211 c.
1680 1150 1864 1214 cassan.
1890 1151 1984 1215 me.

1232 1251 1329 1317 COS.
1369 1254 1506 1328 lutum,
1542 1270 1642 1337 quem
1676 1249 1753 1314 desii
1790 1251 1832 1316 erl
1860 1274 1985 1317 aunum

1231 1354 1275 1423 V.
1300 1354 1337 1420 C.
1360 1376 1437 1437 7⁰7.
1478 1354 1601 1417 Caesar
1628 1353 1745 1417 consul
1765 1356 1806 1417 11.
1836 1368 1910 1417 erat
1930 1376 1986 1417 au·

1232 1455 1285 1519 uis
1316 1454 1380 1539 706
1409 1470 1444 1519 et
1470 1476 1551 1541 707,
1590 1455 1707 1541 quibus
1737 1454 1891 1518 Allienus
1920 1476 1984 1537 pro

1234 1558 1370 1625 consule
1390 1556 1534 1621 Siciliam
1559 1556 1667 1634 rosit,
1689 1570 1726 1620 ut
1744 1555 1812 1619 dixi
1828 1556 1864 1618 in
1887 1557 1986 1641 hujus

1234 1660 1351 1724 numia.
1393 1657 1504 1752 Quare
1533 1680 1572 1719 ro
1597 1659 1685 1720 tatu.
1725 1672 1840 1721 notare
1869 1663 1987 1743 nequit

1234 1781 1420 1844 supremam
1452 1772 1647 1843 potestatem
1673 1760 1796 1836 altero,
1829 1774 1867 1823 ut
1893 1760 1987 1840 dixi,

1236 1861 1335 1926 modo
1358 1876 1543 1947 acceptam,
1576 1884 1651 1925 nam
1674 1863 1736 1927 bac
1761 1874 1846 1926 teste
1874 1863 1988 1927 Dione

1237 1963 1373 2028 donatus
1403 1966 1546 2048 primam
1574 1963 1684 2027 suerat
1710 1976 1785 2047 post
1813 1962 1990 2028 uictoriam

1235 2066 1496 2148 Hispaniensem.
1522 2066 1632 2128 Alium
1663 2065 1856 2148 inscriptam
1884 2068 1993 2129 CAE-

1237 2157 1333 2229 SAR.
1361 2170 1450 2237 ΙΜΡ.
1480 2167 1604 2252 protuli
1630 2167 1720 2231 inter
1739 2188 1857 2233 numos
1879 2163 1993 2251 signs·

1236 2280 1428 2355 tusaeque
1457 2272 1497 2333 ad
1530 2290 1648 2332 annam
1679 2270 1760 2350 706,
1804 2282 1838 2332 et
1866 2267 1992 2332 eodem

1235 2370 1312 2432 loco
1339 2370 1457 2432 aliems
1487 2374 1577 2435 IMP.
1604 2374 1720 2436 lTEIl.
1750 2372 1908 2435 Ceterum
1930 2370 1994 2433 du·

1236 2468 1333 2533 bituri
1348 2472 1470 2556 possit,
1493 2488 1601 2537 utrum
1619 2474 1709 2537 numi
1726 2473 1875 2555 inscripti
1897 2476 1991 2536 mu.

1237 2576 1355 2636 lTFll.
1369 2572 1412 2636 ad
1427 2573 1513 2637 istud
1528 2565 1624 2654 acsi,
1641 2596 1796 2662 morsum
1816 2574 1991 2657 pertinere

1239 2674 1353 2739 censui
1388 2689 1422 2738 et
1461 2697 1528 2739 nan
1565 2675 1729 2758 posterius
1763 2675 1853 2739 aliud
1891 2678 1994 2762 perti·

1239 2793 1357 2856 necat,
1376 2799 1449 2843 casn
1464 2779 1497 2840 in
1512 2774 1612 2840 numo
1626 2776 1753 2840 Allieni
1773 2779 1858 2842 anuo
1882 2781 1928 2848 V.
1952 2781 1990 2847 C.

1242 2881 1305 2962 70⁶
1325 2881 1379 2944 rel
1402 2902 1466 2964 7⁰7
1486 2900 1565 2942 cuso
1593 2879 1723 2962 legatur
1748 2891 1873 2942 tautum
1900 2885 1991 2946 mr.

1243 2981 1315 3044 sine
1344 2981 1529 3045 iteratione.
1564 2981 1617 3044 De
1646 2980 1747 3045 modo
1777 2995 1813 3044 et
1836 2995 1990 3070 tempore

1242 3083 1339 3166 hujus
1360 3083 1541 3148 iterationis
1567 3082 1651 3144 nihil
1676 3103 1758 3147 eruo
1776 3087 1990 3152 crateribus.

1163 3229 1167 3236 -
1244 3185 1342 3248 Solus
1359 3185 1553 3249 Plutarchus
1572 3199 1701 3263 narrat,
1723 3206 1799 3249 eum
1817 3209 1861 3251 ex
1880 3188 1994 3267 hello,

1245 3285 1336 3372 qaod
1358 3289 1399 3356 V.
1416 3289 1453 3351 C.
1471 3286 1534 3368 ⁶93
1556 3308 1617 3371 pro
1640 3289 1776 3362 consulu
1798 3310 1875 3353 cum
1900 3293 1997 3356 Lusi·

1245 3388 1328 3451 tanis
1362 3403 1532 3473 gesserat,
1570 3383 1782 3454 acclamatum
1817 3393 1998 3478 imperato·

1245 3510 1316 3553 rem
1326 3524 1342 3567 ‚·
1357 3503 1391 3554 et
1421 3491 1562 3555 eundem
1583 3491 1634 3554 illi
1655 3494 1815 3558 honorem
1846 3497 1994 3562 dolatum

1245 3605 1339 3676 capta
1361 3591 1489 3679 Ategua
1510 3595 1657 3661 x1.1tal.
1683 3599 1780 3660 Mart.
1806 3599 1849 3668 V.
1868 3601 1908 3665 C.
1930 3623 1996 3684 7⁰9

1243 3707 1353 3757 narrat
1372 3710 1487 3776 auctor
1507 3697 1653 3762 incertus
1676 3695 1714 3778 f).
1739 3699 1849 3766 Mults
1871 3701 1906 3764 in
1933 3705 1997 3771 isac

1244 3817 1341 3862 cauas
1377 3795 1453 3864 sunt
1486 3798 1611 3866 incerta
1655 3803 1802 3864 Marmor
1833 3803 1997 3870 Pclsoclii

1245 3898 1421 3982 Graecum,
1454 3903 1542 3987 quoti
1561 3924 1660 3987 supra
1687 3903 1723 3966 iu
1745 3905 1854 3968 auaris
1876 3909 1997 3971 recita-

1245 4000 1295 4078 ri,
1327 4004 1531 4073 consulatum
1553 4007 1734 4091 simplicem
1757 4028 1832 4072 cam
1853 4010 1997 4093 impera·

1245 4118 1320 4170 tore
1335 4105 1454 4170 iterum
1471 4109 1649 4195 conjungit.
1670 4110 1739 4173 sed
1751 4125 1879 4176 constat
1895 4114 1997 4176 etiarn

1246 4206 1318 4292 ejus
1346 4209 1409 4275 uiri
1436 4210 1667 4294 epigrammata
1694 4211 1828 4277 infinitis
1863 4217 1999 4280 mendis

1247 4324 1396 4389 scatere,
1413 4298 1501 4376 unde
1516 4335 1631 4396 parum
1652 4312 1692 4376 ab
1711 4315 1762 4377 his
1778 4315 1928 4384 subsidii.

1306 4399 1379 4475 'atti
1402 4415 1493 4477 nami
1518 4418 1628 4492 certae
1652 4414 1730 4480 litlei
1751 4435 1818 4498 nou
1848 4435 1998 4498 exstant,

486 4726 517 4796 ι)
537 4723 667 4804 earnpp.
682 4729 718 4788 11.
733 4749 758 4786 ο.
772 4679 817 4794 sa.
908 4727 945 4802 a)
964 4729 1213 4792 essartare.
1305 4733 1337 4805 c)
1355 4732 1810 4822 anananxmeaxas.
1904 4741 1941 4814 a)
1959 4743 1995 4800 s.

391 4887 401 4904 .
450 4811 906 4892 xt111.t.m.au.t11.t.a.
999 4819 1030 4892 e)
1052 4819 1186 4895 capno.

1279 4821 1306 4891 D
1326 4820 1650 4902 debellllisp.c.19.
