<?xml version="1.0" encoding="UTF-8"?>
<!DOCTYPE html PUBLIC "-//W3C//DTD XHTML 1.0 Transitional//EN"
    "http://www.w3.org/TR/xhtml1/DTD/xhtml1-transitional.dtd">
<html xmlns="http://www.w3.org/1999/xhtml" xml:lang="en" lang="en">
 <head>
  <title>
</title>
<meta http-equiv="Content-Type" content="text/html;charset=utf-8" />
  <meta name='ocr-system' content='tesseract 3.04.00' />
  <meta name='ocr-capabilities' content='ocr_page ocr_carea ocr_par ocr_line ocrx_word'/>
</head>
<body>
  <div class='ocr_page' id='page_1' title='image "./doctrinanumorum01steigoog/doctrinanumorum01steigoog_0489.png"; bbox 0 0 4267 5500; ppageno 0'>
   <div class='ocr_carea' id='block_1_1' title="bbox 785 535 1722 698">
    <p class='ocr_par' dir='ltr' id='par_1_1' title="bbox 785 535 1722 698">
     <span class='ocr_line' id='line_1_1' title="bbox 785 535 1722 698; baseline 0.012 -51"><span class='ocrx_word' id='word_1_1' title='bbox 785 577 1100 655; x_wconf 72' lang='lat' dir='ltr'><strong>reamare.</strong></span> <span class='ocrx_word' id='word_1_2' title='bbox 1261 535 1289 668; x_wconf 62' lang='lat' dir='ltr'><em>s</em></span> <span class='ocrx_word' id='word_1_3' title='bbox 1399 598 1403 603; x_wconf 93' lang='lat'><strong>·</strong></span> <span class='ocrx_word' id='word_1_4' title='bbox 1649 614 1722 698; x_wconf 73' lang='lat'><strong>„9</strong></span> 
     </span>
    </p>
   </div>
   <div class='ocr_carea' id='block_1_2' title="bbox 162 744 1724 2063">
    <p class='ocr_par' dir='ltr' id='par_1_2' title="bbox 167 744 1674 838">
     <span class='ocr_line' id='line_1_2' title="bbox 167 744 1674 838; baseline 0.013 -26"><span class='ocrx_word' id='word_1_5' title='bbox 167 767 256 818; x_wconf 86' lang='lat' dir='ltr'><strong>anno</strong></span> <span class='ocrx_word' id='word_1_6' title='bbox 276 747 319 818; x_wconf 73' lang='lat' dir='ltr'><strong>ll.</strong></span> <span class='ocrx_word' id='word_1_7' title='bbox 336 747 372 814; x_wconf 84' lang='lat' dir='ltr'><strong>C.</strong></span> <span class='ocrx_word' id='word_1_8' title='bbox 397 744 461 814; x_wconf 77' lang='lat'><strong>853</strong></span> <span class='ocrx_word' id='word_1_9' title='bbox 493 747 567 812; x_wconf 88' lang='lat' dir='ltr'><strong>hoe·</strong></span> <span class='ocrx_word' id='word_1_10' title='bbox 580 744 677 810; x_wconf 89' lang='lat' dir='ltr'><strong>titulo</strong></span> <span class='ocrx_word' id='word_1_11' title='bbox 701 755 832 809; x_wconf 84' lang='lat' dir='ltr'><strong>ornatus</strong></span> <span class='ocrx_word' id='word_1_12' title='bbox 853 747 918 831; x_wconf 85' lang='lat' dir='ltr'><strong>jam</strong></span> <span class='ocrx_word' id='word_1_13' title='bbox 1034 747 1277 831; x_wconf 75' lang='lat' dir='ltr'><strong>Germanicus,</strong></span> <span class='ocrx_word' id='word_1_14' title='bbox 1291 755 1456 838; x_wconf 77' lang='lat' dir='ltr'><strong>Dacicus,</strong></span> <span class='ocrx_word' id='word_1_15' title='bbox 1479 766 1674 832; x_wconf 64' lang='lat' dir='ltr'><strong>Parthicae</strong></span> 
     </span>
    </p>

    <p class='ocr_par' dir='ltr' id='par_1_3' title="bbox 162 848 1724 2063">
     <span class='ocr_line' id='line_1_3' title="bbox 165 848 1723 955; baseline 0.014 -43"><span class='ocrx_word' id='word_1_16' title='bbox 165 851 239 916; x_wconf 81' lang='lat' dir='ltr'><strong>luit.</strong></span> <span class='ocrx_word' id='word_1_17' title='bbox 266 852 393 917; x_wconf 82' lang='lat' dir='ltr'><strong>Verum</strong></span> <span class='ocrx_word' id='word_1_18' title='bbox 413 849 509 914; x_wconf 88' lang='lat' dir='ltr'><strong>eoin</strong></span> <span class='ocrx_word' id='word_1_19' title='bbox 526 849 745 916; x_wconf 72' lang='lat' dir='ltr'><strong>monumentis</strong></span> <span class='ocrx_word' id='word_1_20' title='bbox 767 848 920 934; x_wconf 84' lang='lat' dir='ltr'><strong>publicis,</strong></span> <span class='ocrx_word' id='word_1_21' title='bbox 1040 853 1336 924; x_wconf 73' lang='lat' dir='ltr'>GERMIMCVS.</span> <span class='ocrx_word' id='word_1_22' title='bbox 1372 860 1498 926; x_wconf 75' lang='lat' dir='ltr'><strong>Plinius</strong></span> <span class='ocrx_word' id='word_1_23' title='bbox 1519 865 1554 927; x_wconf 90' lang='lat' dir='ltr'><strong>in</strong></span> <span class='ocrx_word' id='word_1_24' title='bbox 1575 869 1723 955; x_wconf 78' lang='lat' dir='ltr'><strong>Panegy-</strong></span> 
     </span>
     <span class='ocr_line' id='line_1_4' title="bbox 167 951 1723 1039; baseline 0.013 -24"><span class='ocrx_word' id='word_1_25' title='bbox 167 951 285 1016; x_wconf 86' lang='lat' dir='ltr'><strong>saltem</strong></span> <span class='ocrx_word' id='word_1_26' title='bbox 307 951 372 1032; x_wconf 89' lang='lat' dir='ltr'><strong>iis,</strong></span> <span class='ocrx_word' id='word_1_27' title='bbox 394 963 692 1039; x_wconf 71' lang='lat' dir='ltr'><strong>qnaesnpersunt,</strong></span> <span class='ocrx_word' id='word_1_28' title='bbox 721 962 756 1014; x_wconf 87' lang='lat' dir='ltr'><strong>et</strong></span> <span class='ocrx_word' id='word_1_29' title='bbox 776 963 851 1014; x_wconf 82' lang='lat' dir='ltr'><strong>anot</strong></span> <span class='ocrx_word' id='word_1_30' title='bbox 870 951 921 1012; x_wconf 89' lang='lat' dir='ltr'><strong>in·</strong></span> <span class='ocrx_word' id='word_1_31' title='bbox 976 953 1050 1020; x_wconf 82' lang='lat' dir='ltr'><strong>rico</strong></span> <span class='ocrx_word' id='word_1_32' title='bbox 1068 955 1116 1036; x_wconf 81' lang='lat'><strong>·)=</strong></span> <span class='ocrx_word' id='word_1_33' title='bbox 1146 957 1274 1020; x_wconf 80' lang='lat' dir='ltr'><strong>Allata</strong></span> <span class='ocrx_word' id='word_1_34' title='bbox 1293 970 1368 1023; x_wconf 82' lang='lat' dir='ltr'><strong>erat</strong></span> <span class='ocrx_word' id='word_1_35' title='bbox 1388 981 1432 1025; x_wconf 77' lang='lat' dir='ltr'><strong>ee</strong></span> <span class='ocrx_word' id='word_1_36' title='bbox 1454 967 1627 1030; x_wconf 80' lang='lat' dir='ltr'><strong>Pannonia</strong></span> <span class='ocrx_word' id='word_1_37' title='bbox 1648 971 1723 1036; x_wconf 80' lang='lat' dir='ltr'><strong>lau·</strong></span> 
     </span>
     <span class='ocr_line' id='line_1_5' title="bbox 166 1051 1723 1152; baseline 0.015 -37"><span class='ocrx_word' id='word_1_38' title='bbox 166 1053 332 1120; x_wconf 72' lang='lat' dir='ltr'><strong>dubitatae</strong></span> <span class='ocrx_word' id='word_1_39' title='bbox 372 1053 478 1132; x_wconf 86' lang='lat' dir='ltr'><strong>lidei,¹</strong></span> <span class='ocrx_word' id='word_1_40' title='bbox 512 1073 630 1116; x_wconf 87' lang='lat' dir='ltr'><strong>numoa</strong></span> <span class='ocrx_word' id='word_1_41' title='bbox 664 1051 845 1136; x_wconf 80' lang='lat' dir='ltr'><strong>intelligo,¹</strong></span> <span class='ocrx_word' id='word_1_42' title='bbox 879 1071 919 1117; x_wconf 84' lang='lat' dir='ltr'><strong>eo</strong></span> <span class='ocrx_word' id='word_1_43' title='bbox 975 1077 1034 1120; x_wconf 85' lang='lat' dir='ltr'><strong>rea</strong></span> <span class='ocrx_word' id='word_1_44' title='bbox 1049 1058 1090 1122; x_wconf 75' lang='lat' dir='ltr'><strong>id</strong></span> <span class='ocrx_word' id='word_1_45' title='bbox 1105 1057 1281 1140; x_wconf 78' lang='lat' dir='ltr'><strong>agentibus</strong></span> <span class='ocrx_word' id='word_1_46' title='bbox 1295 1060 1388 1137; x_wconf 81' lang='lat' dir='ltr'><strong>diis,</strong></span> <span class='ocrx_word' id='word_1_47' title='bbox 1396 1075 1435 1125; x_wconf 83' lang='lat' dir='ltr'><strong>ur</strong></span> <span class='ocrx_word' id='word_1_48' title='bbox 1448 1065 1570 1131; x_wconf 76' lang='lat' dir='ltr'><strong>invicti</strong></span> <span class='ocrx_word' id='word_1_49' title='bbox 1582 1073 1723 1152; x_wconf 79' lang='lat' dir='ltr'><strong>imperu-</strong></span> 
     </span>
     <span class='ocr_line' id='line_1_6' title="bbox 166 1157 1722 1248; baseline 0.011 -30"><span class='ocrx_word' id='word_1_50' title='bbox 166 1175 349 1233; x_wconf 82' lang='lat' dir='ltr'><strong>marmora‚</strong></span> <span class='ocrx_word' id='word_1_51' title='bbox 390 1175 476 1219; x_wconf 80' lang='lat' dir='ltr'><strong>naus·</strong></span> <span class='ocrx_word' id='word_1_52' title='bbox 503 1174 570 1218; x_wconf 90' lang='lat' dir='ltr'><strong>non</strong></span> <span class='ocrx_word' id='word_1_53' title='bbox 600 1166 652 1218; x_wconf 86' lang='lat' dir='ltr'><strong>est</strong></span> <span class='ocrx_word' id='word_1_54' title='bbox 683 1167 759 1218; x_wconf 88' lang='lat' dir='ltr'><strong>ante</strong></span> <span class='ocrx_word' id='word_1_55' title='bbox 795 1174 919 1218; x_wconf 85' lang='lat' dir='ltr'><strong>annom</strong></span> <span class='ocrx_word' id='word_1_56' title='bbox 976 1157 1062 1220; x_wconf 78' lang='lat' dir='ltr'><strong>roris</strong></span> <span class='ocrx_word' id='word_1_57' title='bbox 1079 1171 1232 1221; x_wconf 73' lang='lat' dir='ltr'><strong>exortum</strong></span> <span class='ocrx_word' id='word_1_58' title='bbox 1251 1160 1414 1226; x_wconf 77' lang='lat' dir='ltr'><strong>uictoriae</strong></span> <span class='ocrx_word' id='word_1_59' title='bbox 1434 1166 1568 1248; x_wconf 76' lang='lat' dir='ltr'><strong>insigne</strong></span> <span class='ocrx_word' id='word_1_60' title='bbox 1587 1172 1722 1236; x_wconf 81' lang='lat' dir='ltr'><strong>deeora·</strong></span> 
     </span>
     <span class='ocr_line' id='line_1_7' title="bbox 164 1249 1721 1347; baseline 0.013 -28"><span class='ocrx_word' id='word_1_61' title='bbox 164 1257 265 1344; x_wconf 29' lang='lat' dir='ltr'><strong>V.·C.</strong></span> <span class='ocrx_word' id='word_1_62' title='bbox 287 1257 380 1332; x_wconf 74' lang='lat'><strong>858,</strong></span> <span class='ocrx_word' id='word_1_63' title='bbox 400 1268 437 1318; x_wconf 90' lang='lat' dir='ltr'><strong>ut</strong></span> <span class='ocrx_word' id='word_1_64' title='bbox 464 1255 506 1320; x_wconf 87' lang='lat' dir='ltr'><strong>ad</strong></span> <span class='ocrx_word' id='word_1_65' title='bbox 533 1255 607 1320; x_wconf 86' lang='lat' dir='ltr'><strong>anni</strong></span> <span class='ocrx_word' id='word_1_66' title='bbox 633 1255 730 1340; x_wconf 72' lang='lat' dir='ltr'><strong>hojo·</strong></span> <span class='ocrx_word' id='word_1_67' title='bbox 752 1269 918 1322; x_wconf 88' lang='lat' dir='ltr'><strong>monetam</strong></span> <span class='ocrx_word' id='word_1_68' title='bbox 976 1249 1037 1320; x_wconf 84' lang='lat' dir='ltr'><strong>rel.</strong></span> <span class='ocrx_word' id='word_1_69' title='bbox 1066 1251 1186 1336; x_wconf 79' lang='lat' dir='ltr'><strong>Addit,</strong></span> <span class='ocrx_word' id='word_1_70' title='bbox 1211 1259 1376 1325; x_wconf 65' lang='lat' dir='ltr'><strong>condono</strong></span> <span class='ocrx_word' id='word_1_71' title='bbox 1385 1277 1462 1347; x_wconf 85' lang='lat' dir='ltr'><strong>post</strong></span> <span class='ocrx_word' id='word_1_72' title='bbox 1484 1269 1634 1336; x_wconf 78' lang='lat' dir='ltr'><strong>aNerra</strong></span> <span class='ocrx_word' id='word_1_73' title='bbox 1654 1275 1721 1338; x_wconf 90' lang='lat' dir='ltr'><strong>Iau-</strong></span> 
     </span>
     <span class='ocr_line' id='line_1_8' title="bbox 165 1357 1720 1450; baseline 0.01 -28"><span class='ocrx_word' id='word_1_74' title='bbox 165 1358 403 1436; x_wconf 82' lang='lat' dir='ltr'><strong>animadrerti,</strong></span> <span class='ocrx_word' id='word_1_75' title='bbox 440 1370 536 1443; x_wconf 87' lang='lat' dir='ltr'><strong>atque</strong></span> <span class='ocrx_word' id='word_1_76' title='bbox 572 1357 677 1449; x_wconf 29' lang='lat' dir='ltr'><strong>etiam·</strong></span> <span class='ocrx_word' id='word_1_77' title='bbox 705 1369 791 1434; x_wconf 84' lang='lat' dir='ltr'><strong>tum,</strong></span> <span class='ocrx_word' id='word_1_78' title='bbox 829 1357 918 1444; x_wconf 85' lang='lat' dir='ltr'><strong>quod</strong></span> <span class='ocrx_word' id='word_1_79' title='bbox 975 1376 1067 1420; x_wconf 89' lang='lat' dir='ltr'><strong>ream</strong></span> <span class='ocrx_word' id='word_1_80' title='bbox 1087 1357 1123 1419; x_wconf 91' lang='lat' dir='ltr'><strong>in</strong></span> <span class='ocrx_word' id='word_1_81' title='bbox 1143 1359 1272 1444; x_wconf 90' lang='lat' dir='ltr'><strong>gremio</strong></span> <span class='ocrx_word' id='word_1_82' title='bbox 1291 1363 1380 1427; x_wconf 69' lang='lat' dir='ltr'><strong>Iovii</strong></span> <span class='ocrx_word' id='word_1_83' title='bbox 1400 1365 1602 1450; x_wconf 85' lang='lat' dir='ltr'><strong>depositam,</strong></span> <span class='ocrx_word' id='word_1_84' title='bbox 1632 1386 1666 1436; x_wconf 88' lang='lat' dir='ltr'><strong>et</strong></span> <span class='ocrx_word' id='word_1_85' title='bbox 1686 1375 1720 1436; x_wconf 92' lang='lat' dir='ltr'><strong>in</strong></span> 
     </span>
     <span class='ocr_line' id='line_1_9' title="bbox 167 1455 1721 1557; baseline 0.009 -34"><span class='ocrx_word' id='word_1_86' title='bbox 167 1459 367 1546; x_wconf 64' lang='lat' dir='ltr'><strong>cumprimis</strong></span> <span class='ocrx_word' id='word_1_87' title='bbox 390 1455 651 1534; x_wconf 82' lang='lat' dir='ltr'><strong>observandum,</strong></span> <span class='ocrx_word' id='word_1_88' title='bbox 680 1459 708 1522; x_wconf 89' lang='lat' dir='ltr'><strong>is</strong></span> <span class='ocrx_word' id='word_1_89' title='bbox 735 1479 810 1524; x_wconf 83' lang='lat' dir='ltr'><strong>moa</strong></span> <span class='ocrx_word' id='word_1_90' title='bbox 835 1459 920 1522; x_wconf 89' lang='lat' dir='ltr'><strong>obti-</strong></span> <span class='ocrx_word' id='word_1_91' title='bbox 975 1457 1145 1522; x_wconf 85' lang='lat' dir='ltr'><strong>hominum</strong></span> <span class='ocrx_word' id='word_1_92' title='bbox 1162 1462 1340 1541; x_wconf 89' lang='lat' dir='ltr'><strong>ooneione,</strong></span> <span class='ocrx_word' id='word_1_93' title='bbox 1365 1462 1567 1552; x_wconf 87' lang='lat' dir='ltr'><strong>deorumque</strong></span> <span class='ocrx_word' id='word_1_94' title='bbox 1591 1472 1721 1557; x_wconf 82' lang='lat' dir='ltr'><strong>adopta-</strong></span> 
     </span>
     <span class='ocr_line' id='line_1_10' title="bbox 163 1557 1720 1654; baseline 0.008 -31"><span class='ocrx_word' id='word_1_95' title='bbox 163 1561 256 1640; x_wconf 81' lang='lat' dir='ltr'><strong>nuir,</strong></span> <span class='ocrx_word' id='word_1_96' title='bbox 292 1575 334 1624; x_wconf 90' lang='lat' dir='ltr'><strong>ut.</strong></span> <span class='ocrx_word' id='word_1_97' title='bbox 360 1559 472 1624; x_wconf 84' lang='lat' dir='ltr'><strong>titulur</strong></span> <span class='ocrx_word' id='word_1_98' title='bbox 504 1560 559 1624; x_wconf 84' lang='lat' dir='ltr'><strong>lsio</strong></span> <span class='ocrx_word' id='word_1_99' title='bbox 589 1581 753 1647; x_wconf 82' lang='lat' dir='ltr'><strong>nunqnam</strong></span> <span class='ocrx_word' id='word_1_100' title='bbox 787 1574 915 1644; x_wconf 88' lang='lat' dir='ltr'><strong>partem</strong></span> <span class='ocrx_word' id='word_1_101' title='bbox 974 1557 1044 1623; x_wconf 84' lang='lat' dir='ltr'><strong>tum</strong></span> <span class='ocrx_word' id='word_1_102' title='bbox 1066 1562 1254 1646; x_wconf 71' lang='lat' dir='ltr'><strong>majanum.</strong></span> <span class='ocrx_word' id='word_1_103' title='bbox 1294 1563 1424 1643; x_wconf 82' lang='lat' dir='ltr'><strong>Fuere,</strong></span> <span class='ocrx_word' id='word_1_104' title='bbox 1453 1568 1509 1654; x_wconf 83' lang='lat' dir='ltr'><strong>qni</strong></span> <span class='ocrx_word' id='word_1_105' title='bbox 1530 1589 1720 1654; x_wconf 77' lang='lat' dir='ltr'><strong>censerent,</strong></span> 
     </span>
     <span class='ocr_line' id='line_1_11' title="bbox 165 1662 1721 1761; baseline 0.01 -37"><span class='ocrx_word' id='word_1_106' title='bbox 165 1662 261 1726; x_wconf 87' lang='lat' dir='ltr'><strong>numi</strong></span> <span class='ocrx_word' id='word_1_107' title='bbox 289 1664 427 1726; x_wconf 84' lang='lat' dir='ltr'><strong>anticam</strong></span> <span class='ocrx_word' id='word_1_108' title='bbox 457 1676 654 1746; x_wconf 80' lang='lat' dir='ltr'><strong>oocuparet,</strong></span> <span class='ocrx_word' id='word_1_109' title='bbox 692 1662 756 1725; x_wconf 87' lang='lat' dir='ltr'><strong>sed</strong></span> <span class='ocrx_word' id='word_1_110' title='bbox 782 1682 918 1746; x_wconf 86' lang='lat' dir='ltr'><strong>semper</strong></span> <span class='ocrx_word' id='word_1_111' title='bbox 974 1682 1056 1748; x_wconf 86' lang='lat' dir='ltr'><strong>quos</strong></span> <span class='ocrx_word' id='word_1_112' title='bbox 1082 1663 1170 1726; x_wconf 86' lang='lat' dir='ltr'><strong>inter</strong></span> <span class='ocrx_word' id='word_1_113' title='bbox 1196 1677 1368 1748; x_wconf 83' lang='lat' dir='ltr'><strong>postremo</strong></span> <span class='ocrx_word' id='word_1_114' title='bbox 1394 1668 1465 1751; x_wconf 85' lang='lat' dir='ltr'><strong>ipse</strong></span> <span class='ocrx_word' id='word_1_115' title='bbox 1492 1672 1649 1759; x_wconf 79' lang='lat' dir='ltr'><strong>Belleyns</strong></span> <span class='ocrx_word' id='word_1_116' title='bbox 1670 1676 1721 1761; x_wconf 72' lang='lat'><strong>¹³),</strong></span> 
     </span>
     <span class='ocr_line' id='line_1_12' title="bbox 163 1762 1722 1850; baseline 0.009 -22"><span class='ocrx_word' id='word_1_117' title='bbox 163 1782 342 1842; x_wconf 75' lang='lat' dir='ltr'><strong>aversum,</strong></span> <span class='ocrx_word' id='word_1_118' title='bbox 363 1779 398 1827; x_wconf 86' lang='lat' dir='ltr'><strong>et</strong></span> <span class='ocrx_word' id='word_1_119' title='bbox 424 1765 497 1828; x_wconf 84' lang='lat' dir='ltr'><strong>iere</strong></span> <span class='ocrx_word' id='word_1_120' title='bbox 520 1783 652 1848; x_wconf 86' lang='lat' dir='ltr'><strong>semper</strong></span> <span class='ocrx_word' id='word_1_121' title='bbox 672 1763 737 1826; x_wconf 81' lang='lat' dir='ltr'><strong>Irae</strong></span> <span class='ocrx_word' id='word_1_122' title='bbox 755 1762 914 1828; x_wconf 68' lang='lat' dir='ltr'><strong>formulae</strong></span> <span class='ocrx_word' id='word_1_123' title='bbox 972 1764 1164 1842; x_wconf 77' lang='lat' dir='ltr'><strong>victorium,</strong></span> <span class='ocrx_word' id='word_1_124' title='bbox 1191 1779 1329 1850; x_wconf 88' lang='lat' dir='ltr'><strong>propter</strong></span> <span class='ocrx_word' id='word_1_125' title='bbox 1350 1788 1447 1850; x_wconf 73' lang='lat' dir='ltr'><strong>quam</strong></span> <span class='ocrx_word' id='word_1_126' title='bbox 1466 1772 1564 1840; x_wconf 87' lang='lat' dir='ltr'><strong>allata</strong></span> <span class='ocrx_word' id='word_1_127' title='bbox 1585 1790 1635 1840; x_wconf 85' lang='lat' dir='ltr'><strong>est</strong></span> <span class='ocrx_word' id='word_1_128' title='bbox 1655 1777 1722 1842; x_wconf 87' lang='lat' dir='ltr'><strong>lau·</strong></span> 
     </span>
     <span class='ocr_line' id='line_1_13' title="bbox 162 1864 1721 1962; baseline 0.01 -33"><span class='ocrx_word' id='word_1_129' title='bbox 162 1867 202 1932; x_wconf 83' lang='lat'><strong>8.</strong></span> <span class='ocrx_word' id='word_1_130' title='bbox 225 1868 261 1929; x_wconf 82' lang='lat' dir='ltr'><strong>P.</strong></span> <span class='ocrx_word' id='word_1_131' title='bbox 284 1865 327 1960; x_wconf 79' lang='lat' dir='ltr'><strong>Q.</strong></span> <span class='ocrx_word' id='word_1_132' title='bbox 348 1868 389 1932; x_wconf 82' lang='lat' dir='ltr'><strong>lt.</strong></span> <span class='ocrx_word' id='word_1_133' title='bbox 410 1864 603 1930; x_wconf 81' lang='lat' dir='ltr'>OPTIMO..</span> <span class='ocrx_word' id='word_1_134' title='bbox 614 1866 816 1929; x_wconf 78' lang='lat' dir='ltr'>PRINCIPI.</span> <span class='ocrx_word' id='word_1_135' title='bbox 847 1864 917 1930; x_wconf 81' lang='lat' dir='ltr'><strong>Ob-</strong></span> <span class='ocrx_word' id='word_1_136' title='bbox 972 1887 1049 1943; x_wconf 81' lang='lat' dir='ltr'><strong>reu,</strong></span> <span class='ocrx_word' id='word_1_137' title='bbox 1074 1866 1176 1931; x_wconf 84' lang='lat' dir='ltr'><strong>iuiase</strong></span> <span class='ocrx_word' id='word_1_138' title='bbox 1195 1880 1394 1951; x_wconf 74' lang='lat' dir='ltr'><strong>reportatam</strong></span> <span class='ocrx_word' id='word_1_139' title='bbox 1412 1871 1546 1958; x_wconf 83' lang='lat' dir='ltr'><strong>abipso</strong></span> <span class='ocrx_word' id='word_1_140' title='bbox 1561 1879 1721 1962; x_wconf 72' lang='lat' dir='ltr'><strong>Trojano,</strong></span> 
     </span>
     <span class='ocr_line' id='line_1_14' title="bbox 163 1965 1724 2063; baseline 0.006 -32"><span class='ocrx_word' id='word_1_141' title='bbox 163 1965 362 2034; x_wconf 72' lang='lat' dir='ltr'><strong>amandum</strong></span> <span class='ocrx_word' id='word_1_142' title='bbox 382 1966 498 2046; x_wconf 86' lang='lat' dir='ltr'><strong>etiam,</strong></span> <span class='ocrx_word' id='word_1_143' title='bbox 520 1966 639 2032; x_wconf 86' lang='lat' dir='ltr'><strong>eodem</strong></span> <span class='ocrx_word' id='word_1_144' title='bbox 657 1980 912 2053; x_wconf 85' lang='lat' dir='ltr'><strong>tempore,.quo</strong></span> <span class='ocrx_word' id='word_1_145' title='bbox 971 1968 1028 2050; x_wconf 84' lang='lat' dir='ltr'><strong>qui</strong></span> <span class='ocrx_word' id='word_1_146' title='bbox 1051 1967 1233 2054; x_wconf 87' lang='lat' dir='ltr'><strong>imperante</strong></span> <span class='ocrx_word' id='word_1_147' title='bbox 1258 1971 1368 2063; x_wconf 66' lang='lat' dir='ltr'><strong>lierra</strong></span> <span class='ocrx_word' id='word_1_148' title='bbox 1388 1975 1563 2039; x_wconf 76' lang='lat' dir='ltr'><strong>translatae</strong></span> <span class='ocrx_word' id='word_1_149' title='bbox 1585 1977 1619 2038; x_wconf 89' lang='lat' dir='ltr'><strong>in</strong></span> <span class='ocrx_word' id='word_1_150' title='bbox 1639 1981 1724 2044; x_wconf 87' lang='lat' dir='ltr'><strong>Pan·</strong></span> 
     </span>
    </p>
   </div>
   <div class='ocr_carea' id='block_1_3' title="bbox 161 2064 1803 2154">
    <p class='ocr_par' dir='ltr' id='par_1_4' title="bbox 161 2064 1803 2154">
     <span class='ocr_line' id='line_1_15' title="bbox 161 2064 1803 2154; baseline 0.007 -22"><span class='ocrx_word' id='word_1_151' title='bbox 161 2069 246 2136; x_wconf 83' lang='lat' dir='ltr'><strong>haee</strong></span> <span class='ocrx_word' id='word_1_152' title='bbox 262 2068 549 2154; x_wconf 71' lang='lat' dir='ltr'><strong>formula-eoepit,</strong></span> <span class='ocrx_word' id='word_1_153' title='bbox 568 2069 828 2152; x_wconf 85' lang='lat' dir='ltr'><strong>ooepiaseetiam</strong></span> <span class='ocrx_word' id='word_1_154' title='bbox 845 2088 914 2131; x_wconf 89' lang='lat' dir='ltr'><strong>mo·</strong></span> <span class='ocrx_word' id='word_1_155' title='bbox 970 2069 1104 2134; x_wconf 88' lang='lat' dir='ltr'><strong>nonium</strong></span> <span class='ocrx_word' id='word_1_156' title='bbox 1134 2064 1178 2134; x_wconf 65' lang='lat' dir='ltr'><strong>ex&#39;</strong></span> <span class='ocrx_word' id='word_1_157' title='bbox 1204 2070 1379 2136; x_wconf 77' lang='lat' dir='ltr'><strong>Germania</strong></span> <span class='ocrx_word' id='word_1_158' title='bbox 1407 2073 1568 2142; x_wconf 83' lang='lat' dir='ltr'><strong>inferiore</strong></span> <span class='ocrx_word' id='word_1_159' title='bbox 1591 2082 1721 2146; x_wconf 75' lang='lat' dir='ltr'><strong>Mareo-</strong></span> <span class='ocrx_word' id='word_1_160' title='bbox 1795 2118 1803 2144; x_wconf 59' lang='grc' dir='ltr'><strong>,ι</strong></span> 
     </span>
    </p>
   </div>
   <div class='ocr_carea' id='block_1_4' title="bbox 165 2169 1719 2263">
    <p class='ocr_par' dir='ltr' id='par_1_5' title="bbox 165 2169 1719 2263">
     <span class='ocr_line' id='line_1_16' title="bbox 165 2169 1719 2263; baseline 0.006 -29"><span class='ocrx_word' id='word_1_161' title='bbox 165 2189 257 2250; x_wconf 84' lang='lat' dir='ltr'><strong>rem,</strong></span> <span class='ocrx_word' id='word_1_162' title='bbox 274 2170 477 2258; x_wconf 73' lang='lat' dir='ltr'><strong>epigraphen</strong></span> <span class='ocrx_word' id='word_1_163' title='bbox 495 2169 609 2256; x_wconf 83' lang='lat' dir='ltr'><strong>rapitis</strong></span> <span class='ocrx_word' id='word_1_164' title='bbox 627 2169 725 2236; x_wconf 87' lang='lat' dir='ltr'><strong>dandi</strong></span> <span class='ocrx_word' id='word_1_165' title='bbox 743 2189 835 2248; x_wconf 73' lang='lat' dir='ltr'><strong>man,</strong></span> <span class='ocrx_word' id='word_1_166' title='bbox 854 2189 914 2232; x_wconf 85' lang='lat' dir='ltr'><strong>reu</strong></span> <span class='ocrx_word' id='word_1_167' title='bbox 970 2191 1107 2235; x_wconf 84' lang='lat' dir='ltr'><strong>marnoa</strong></span> <span class='ocrx_word' id='word_1_168' title='bbox 1122 2171 1155 2234; x_wconf 84' lang='lat' dir='ltr'><strong>ei</strong></span> <span class='ocrx_word' id='word_1_169' title='bbox 1169 2172 1359 2255; x_wconf 59' lang='lat' dir='ltr'><strong>momoriae</strong></span> <span class='ocrx_word' id='word_1_170' title='bbox 1371 2173 1579 2252; x_wconf 79' lang='lat' dir='ltr'><strong>imminenter</strong></span> <span class='ocrx_word' id='word_1_171' title='bbox 1593 2181 1719 2263; x_wconf 79' lang='lat' dir='ltr'><strong>ingenti</strong></span> 
     </span>
    </p>
   </div>
   <div class='ocr_carea' id='block_1_5' title="bbox 165 2269 1728 2361">
    <p class='ocr_par' dir='ltr' id='par_1_6' title="bbox 165 2269 1728 2361">
     <span class='ocr_line' id='line_1_17' title="bbox 165 2269 1728 2361; baseline 0.01 -29"><span class='ocrx_word' id='word_1_172' title='bbox 165 2271 382 2336; x_wconf 83' lang='lat' dir='ltr'><strong>dedicationis</strong></span> <span class='ocrx_word' id='word_1_173' title='bbox 416 2272 500 2349; x_wconf 88' lang='lat' dir='ltr'><strong>ritu,</strong></span> <span class='ocrx_word' id='word_1_174' title='bbox 537 2269 710 2348; x_wconf 79' lang='lat' dir='ltr'><strong>efferendi.</strong></span> <span class='ocrx_word' id='word_1_175' title='bbox 759 2272 821 2332; x_wconf 79' lang='lat' dir='ltr'><strong>Ea.</strong></span> <span class='ocrx_word' id='word_1_176' title='bbox 847 2289 913 2353; x_wconf 86' lang='lat' dir='ltr'><strong>quo</strong></span> <span class='ocrx_word' id='word_1_177' title='bbox 972 2271 1066 2336; x_wconf 79' lang='lat' dir='ltr'><strong>riade</strong></span> <span class='ocrx_word' id='word_1_178' title='bbox 1082 2270 1219 2349; x_wconf 85' lang='lat' dir='ltr'><strong>adiecit,</strong></span> <span class='ocrx_word' id='word_1_179' title='bbox 1235 2293 1273 2336; x_wconf 88' lang='lat' dir='ltr'><strong>ae</strong></span> <span class='ocrx_word' id='word_1_180' title='bbox 1289 2290 1466 2360; x_wconf 88' lang='lat' dir='ltr'><strong>propterea</strong></span> <span class='ocrx_word' id='word_1_181' title='bbox 1481 2279 1728 2361; x_wconf 57' lang='lat' dir='ltr'><strong>primumn«-</strong></span> 
     </span>
    </p>
   </div>
   <div class='ocr_carea' id='block_1_6' title="bbox 159 2365 1725 4593">
    <p class='ocr_par' dir='ltr' id='par_1_7' title="bbox 159 2365 1725 4593">
     <span class='ocr_line' id='line_1_18' title="bbox 166 2365 1725 2459; baseline 0.009 -25"><span class='ocrx_word' id='word_1_182' title='bbox 166 2373 246 2437; x_wconf 81' lang='lat' dir='ltr'><strong>aatia</strong></span> <span class='ocrx_word' id='word_1_183' title='bbox 273 2365 426 2457; x_wconf 70' lang='lat' dir='ltr'><strong>apparet,</strong></span> <span class='ocrx_word' id='word_1_184' title='bbox 458 2373 545 2438; x_wconf 84' lang='lat' dir='ltr'><strong>eirea</strong></span> <span class='ocrx_word' id='word_1_185' title='bbox 569 2373 638 2438; x_wconf 84' lang='lat' dir='ltr'><strong>hoe</strong></span> <span class='ocrx_word' id='word_1_186' title='bbox 667 2385 794 2456; x_wconf 87' lang='lat' dir='ltr'><strong>tempus</strong></span> <span class='ocrx_word' id='word_1_187' title='bbox 826 2391 913 2438; x_wconf 85' lang='lat' dir='ltr'><strong>novo</strong></span> <span class='ocrx_word' id='word_1_188' title='bbox 971 2393 1049 2452; x_wconf 77' lang='lat' dir='ltr'><strong>rue,</strong></span> <span class='ocrx_word' id='word_1_189' title='bbox 1081 2371 1158 2437; x_wconf 85' lang='lat' dir='ltr'><strong>dein</strong></span> <span class='ocrx_word' id='word_1_190' title='bbox 1180 2373 1275 2458; x_wconf 88' lang='lat' dir='ltr'><strong>hujus</strong></span> <span class='ocrx_word' id='word_1_191' title='bbox 1303 2378 1466 2459; x_wconf 87' lang='lat' dir='ltr'><strong>permissu</strong></span> <span class='ocrx_word' id='word_1_192' title='bbox 1493 2381 1556 2445; x_wconf 85' lang='lat' dir='ltr'><strong>sibi</strong></span> <span class='ocrx_word' id='word_1_193' title='bbox 1583 2383 1725 2449; x_wconf 68' lang='lat' dir='ltr'><strong>Germe·</strong></span> 
     </span>
     <span class='ocr_line' id='line_1_19' title="bbox 165 2472 1721 2560; baseline 0.01 -23"><span class='ocrx_word' id='word_1_194' title='bbox 165 2472 466 2538; x_wconf 83' lang='lat' dir='ltr'><strong>senatusconsulto</strong></span> <span class='ocrx_word' id='word_1_195' title='bbox 490 2473 660 2539; x_wconf 80' lang='lat' dir='ltr'><strong>decretum</strong></span> <span class='ocrx_word' id='word_1_196' title='bbox 683 2474 912 2552; x_wconf 82' lang='lat' dir='ltr'><strong>esse,uthio</strong></span> <span class='ocrx_word' id='word_1_197' title='bbox 971 2476 1042 2538; x_wconf 85' lang='lat' dir='ltr'><strong>nioi</strong></span> <span class='ocrx_word' id='word_1_198' title='bbox 1062 2495 1184 2539; x_wconf 89' lang='lat' dir='ltr'><strong>nomen</strong></span> <span class='ocrx_word' id='word_1_199' title='bbox 1205 2477 1346 2560; x_wconf 78' lang='lat' dir='ltr'><strong>peperit.</strong></span> <span class='ocrx_word' id='word_1_200' title='bbox 1384 2478 1451 2544; x_wconf 85' lang='lat' dir='ltr'><strong>Sed</strong></span> <span class='ocrx_word' id='word_1_201' title='bbox 1477 2484 1573 2546; x_wconf 83' lang='lat' dir='ltr'><strong>enim-</strong></span> <span class='ocrx_word' id='word_1_202' title='bbox 1588 2485 1616 2548; x_wconf 87' lang='lat' dir='ltr'><strong>si</strong></span> <span class='ocrx_word' id='word_1_203' title='bbox 1637 2485 1721 2552; x_wconf 78' lang='lat' dir='ltr'><strong>haec</strong></span> 
     </span>
     <span class='ocr_line' id='line_1_20' title="bbox 166 2573 1719 2664; baseline 0.009 -26"><span class='ocrx_word' id='word_1_204' title='bbox 166 2573 324 2638; x_wconf 83' lang='lat' dir='ltr'>OPTIMI</span> <span class='ocrx_word' id='word_1_205' title='bbox 350 2577 564 2640; x_wconf 79' lang='lat' dir='ltr'>PRINCIPIS</span> <span class='ocrx_word' id='word_1_206' title='bbox 587 2577 700 2640; x_wconf 82' lang='lat' dir='ltr'><strong>titulus</strong></span> <span class='ocrx_word' id='word_1_207' title='bbox 726 2576 824 2640; x_wconf 86' lang='lat' dir='ltr'><strong>etiam</strong></span> <span class='ocrx_word' id='word_1_208' title='bbox 846 2595 915 2638; x_wconf 90' lang='lat' dir='ltr'><strong>mo·</strong></span> <span class='ocrx_word' id='word_1_209' title='bbox 971 2575 1109 2642; x_wconf 80' lang='lat' dir='ltr'><strong>victoria</strong></span> <span class='ocrx_word' id='word_1_210' title='bbox 1135 2578 1256 2641; x_wconf 83' lang='lat' dir='ltr'><strong>luisset</strong></span> <span class='ocrx_word' id='word_1_211' title='bbox 1280 2579 1429 2664; x_wconf 72' lang='lat' dir='ltr'><strong>Traiani,</strong></span> <span class='ocrx_word' id='word_1_212' title='bbox 1459 2605 1500 2648; x_wconf 89' lang='lat' dir='ltr'><strong>an</strong></span> <span class='ocrx_word' id='word_1_213' title='bbox 1528 2585 1614 2648; x_wconf 91' lang='lat' dir='ltr'><strong>istud</strong></span> <span class='ocrx_word' id='word_1_214' title='bbox 1640 2589 1719 2652; x_wconf 68' lang='lat' dir='ltr'><strong>retir</strong></span> 
     </span>
     <span class='ocr_line' id='line_1_21' title="bbox 165 2665 1719 2781; baseline 0.01 -41"><span class='ocrx_word' id='word_1_215' title='bbox 165 2678 333 2742; x_wconf 81' lang='lat' dir='ltr'><strong>armentia</strong></span> <span class='ocrx_word' id='word_1_216' title='bbox 346 2677 489 2763; x_wconf 72' lang='lat' dir='ltr'><strong>publicis</strong></span> <span class='ocrx_word' id='word_1_217' title='bbox 503 2677 713 2741; x_wconf 79' lang='lat' dir='ltr'><strong>insereretur.</strong></span> <span class='ocrx_word' id='word_1_218' title='bbox 743 2678 839 2738; x_wconf 78' lang='lat' dir='ltr'><strong>Anno</strong></span> <span class='ocrx_word' id='word_1_219' title='bbox 858 2675 913 2740; x_wconf 82' lang='lat' dir='ltr'><strong>(le-</strong></span> <span class='ocrx_word' id='word_1_220' title='bbox 972 2679 1094 2742; x_wconf 75' lang='lat' dir='ltr'><strong>ruisset</strong></span> <span class='ocrx_word' id='word_1_221' title='bbox 1115 2680 1240 2743; x_wconf 75' lang='lat' dir='ltr'><strong>Plinius</strong></span> <span class='ocrx_word' id='word_1_222' title='bbox 1261 2665 1486 2768; x_wconf 71' lang='lat' dir='ltr'><strong>panegyrim,</strong></span> <span class='ocrx_word' id='word_1_223' title='bbox 1519 2687 1572 2781; x_wconf 75' lang='lat' dir='ltr'><strong>eni</strong></span> <span class='ocrx_word' id='word_1_224' title='bbox 1601 2686 1719 2774; x_wconf 84' lang='lat' dir='ltr'><strong>ingene</strong></span> 
     </span>
     <span class='ocr_line' id='line_1_22' title="bbox 164 2777 1720 2871; baseline 0.008 -30"><span class='ocrx_word' id='word_1_225' title='bbox 164 2800 255 2843; x_wconf 88' lang='lat' dir='ltr'><strong>mum</strong></span> <span class='ocrx_word' id='word_1_226' title='bbox 278 2780 322 2847; x_wconf 70' lang='lat' dir='ltr'><strong>V.</strong></span> <span class='ocrx_word' id='word_1_227' title='bbox 339 2778 375 2845; x_wconf 84' lang='lat' dir='ltr'><strong>C.</strong></span> <span class='ocrx_word' id='word_1_228' title='bbox 395 2778 458 2862; x_wconf 76' lang='lat'><strong>067</strong></span> <span class='ocrx_word' id='word_1_229' title='bbox 481 2778 621 2857; x_wconf 80' lang='lat' dir='ltr'><strong>fretum,</strong></span> <span class='ocrx_word' id='word_1_230' title='bbox 645 2793 681 2842; x_wconf 90' lang='lat' dir='ltr'><strong>ut</strong></span> <span class='ocrx_word' id='word_1_231' title='bbox 705 2778 822 2841; x_wconf 80' lang='lat' dir='ltr'><strong>titulos</strong></span> <span class='ocrx_word' id='word_1_232' title='bbox 840 2777 912 2840; x_wconf 89' lang='grc' dir='ltr'><strong>ΟΡ·</strong></span> <span class='ocrx_word' id='word_1_233' title='bbox 970 2778 1048 2843; x_wconf 90' lang='lat' dir='ltr'><strong>inde</strong></span> <span class='ocrx_word' id='word_1_234' title='bbox 1081 2781 1153 2863; x_wconf 89' lang='lat' dir='ltr'><strong>ejus</strong></span> <span class='ocrx_word' id='word_1_235' title='bbox 1190 2782 1343 2846; x_wconf 87' lang='lat' dir='ltr'><strong>laudandi</strong></span> <span class='ocrx_word' id='word_1_236' title='bbox 1377 2804 1510 2870; x_wconf 80' lang='lat' dir='ltr'><strong>campus</strong></span> <span class='ocrx_word' id='word_1_237' title='bbox 1539 2789 1720 2871; x_wconf 72' lang='lat' dir='ltr'><strong>patuisset-i</strong></span> 
     </span>
     <span class='ocr_line' id='line_1_23' title="bbox 162 2882 1718 2967; baseline 0.008 -26"><span class='ocrx_word' id='word_1_238' title='bbox 162 2882 270 2945; x_wconf 81' lang='lat' dir='ltr'>TIMI.</span> <span class='ocrx_word' id='word_1_239' title='bbox 290 2882 514 2944; x_wconf 83' lang='lat' dir='ltr'>PRINCIPIS·</span> <span class='ocrx_word' id='word_1_240' title='bbox 533 2882 567 2942; x_wconf 88' lang='lat' dir='ltr'><strong>in</strong></span> <span class='ocrx_word' id='word_1_241' title='bbox 593 2900 775 2944; x_wconf 82' lang='lat' dir='ltr'><strong>rumorum.</strong></span> <span class='ocrx_word' id='word_1_242' title='bbox 798 2898 912 2943; x_wconf 79' lang='lat' dir='ltr'><strong>arerra</strong></span> <span class='ocrx_word' id='word_1_243' title='bbox 970 2882 1014 2943; x_wconf 90' lang='lat' dir='ltr'><strong>Et</strong></span> <span class='ocrx_word' id='word_1_244' title='bbox 1042 2900 1124 2945; x_wconf 87' lang='lat' dir='ltr'><strong>vero</strong></span> <span class='ocrx_word' id='word_1_245' title='bbox 1154 2902 1216 2965; x_wconf 89' lang='lat' dir='ltr'><strong>per</strong></span> <span class='ocrx_word' id='word_1_246' title='bbox 1243 2884 1420 2967; x_wconf 83' lang='lat' dir='ltr'><strong>scriptores</strong></span> <span class='ocrx_word' id='word_1_247' title='bbox 1442 2905 1556 2951; x_wconf 86' lang='lat' dir='ltr'><strong>omnes</strong></span> <span class='ocrx_word' id='word_1_248' title='bbox 1577 2904 1718 2967; x_wconf 80' lang='lat' dir='ltr'><strong>constat,</strong></span> 
     </span>
     <span class='ocr_line' id='line_1_24' title="bbox 164 2974 1717 3067; baseline 0.006 -24"><span class='ocrx_word' id='word_1_249' title='bbox 164 2980 359 3061; x_wconf 77' lang='lat' dir='ltr'><strong>desineret,</strong></span> <span class='ocrx_word' id='word_1_250' title='bbox 391 2996 425 3046; x_wconf 86' lang='lat' dir='ltr'><strong>et</strong></span> <span class='ocrx_word' id='word_1_251' title='bbox 452 2980 653 3061; x_wconf 82' lang='lat' dir='ltr'><strong>vocabulum·</strong></span> <span class='ocrx_word' id='word_1_252' title='bbox 672 2978 847 3046; x_wconf 84' lang='lat' dir='ltr'>OPTIMO</span> <span class='ocrx_word' id='word_1_253' title='bbox 877 2980 912 3041; x_wconf 90' lang='lat' dir='ltr'><strong>in</strong></span> <span class='ocrx_word' id='word_1_254' title='bbox 971 2979 1167 3063; x_wconf 81' lang='lat' dir='ltr'><strong>Traianum,</strong></span> <span class='ocrx_word' id='word_1_255' title='bbox 1204 3002 1279 3047; x_wconf 87' lang='lat' dir='ltr'><strong>oum</strong></span> <span class='ocrx_word' id='word_1_256' title='bbox 1309 2974 1478 3067; x_wconf 83' lang='lat' dir='ltr'><strong>adoptatus</strong></span> <span class='ocrx_word' id='word_1_257' title='bbox 1509 3000 1577 3065; x_wconf 90' lang='lat' dir='ltr'><strong>est,</strong></span> <span class='ocrx_word' id='word_1_258' title='bbox 1613 2988 1717 3053; x_wconf 82' lang='lat' dir='ltr'><strong>luiste</strong></span> 
     </span>
     <span class='ocr_line' id='line_1_25' title="bbox 164 3080 1719 3171; baseline 0.003 -24"><span class='ocrx_word' id='word_1_259' title='bbox 164 3082 304 3148; x_wconf 78' lang='lat' dir='ltr'><strong>anticam</strong></span> <span class='ocrx_word' id='word_1_260' title='bbox 322 3083 544 3167; x_wconf 77' lang='lat' dir='ltr'><strong>trajiceretur,</strong></span> <span class='ocrx_word' id='word_1_261' title='bbox 572 3082 619 3147; x_wconf 87' lang='lat' dir='ltr'><strong>aio</strong></span> <span class='ocrx_word' id='word_1_262' title='bbox 638 3096 681 3146; x_wconf 86' lang='lat' dir='ltr'><strong>ot·</strong></span> <span class='ocrx_word' id='word_1_263' title='bbox 695 3102 828 3167; x_wconf 86' lang='lat' dir='ltr'><strong>semper</strong></span> <span class='ocrx_word' id='word_1_264' title='bbox 845 3099 912 3144; x_wconf 87' lang='lat' dir='ltr'><strong>me·</strong></span> <span class='ocrx_word' id='word_1_265' title='bbox 970 3080 1166 3145; x_wconf 77' lang='lat' dir='ltr'><strong>Germaniae</strong></span> <span class='ocrx_word' id='word_1_266' title='bbox 1208 3082 1360 3149; x_wconf 79' lang='lat' dir='ltr'><strong>inferiori</strong></span> <span class='ocrx_word' id='word_1_267' title='bbox 1384 3088 1630 3171; x_wconf 79' lang='lat' dir='ltr'><strong>praesertum,</strong></span> <span class='ocrx_word' id='word_1_268' title='bbox 1684 3106 1719 3155; x_wconf 89' lang='lat' dir='ltr'><strong>et</strong></span> 
     </span>
     <span class='ocr_line' id='line_1_26' title="bbox 163 3180 1716 3265; baseline 0.006 -19"><span class='ocrx_word' id='word_1_269' title='bbox 163 3184 255 3248; x_wconf 87' lang='lat' dir='ltr'><strong>dium</strong></span> <span class='ocrx_word' id='word_1_270' title='bbox 282 3187 392 3250; x_wconf 81' lang='lat' dir='ltr'><strong>Iocum</strong></span> <span class='ocrx_word' id='word_1_271' title='bbox 419 3185 511 3249; x_wconf 82' lang='lat' dir='ltr'><strong>inrer</strong></span> <span class='ocrx_word' id='word_1_272' title='bbox 529 3183 728 3247; x_wconf 77' lang='lat' dir='ltr'>&#39;I&#39;IIAIANO</span> <span class='ocrx_word' id='word_1_273' title='bbox 751 3197 784 3248; x_wconf 88' lang='lat' dir='ltr'><strong>et</strong></span> <span class='ocrx_word' id='word_1_274' title='bbox 803 3180 909 3251; x_wconf 68' lang='lat' dir='ltr'><strong>Ave.</strong></span> <span class='ocrx_word' id='word_1_275' title='bbox 967 3196 1096 3247; x_wconf 80' lang='lat' dir='ltr'><strong>constat</strong></span> <span class='ocrx_word' id='word_1_276' title='bbox 1117 3184 1318 3265; x_wconf 76' lang='lat' dir='ltr'><strong>enPIinio,</strong></span> <span class='ocrx_word' id='word_1_277' title='bbox 1334 3188 1477 3254; x_wconf 80' lang='lat' dir='ltr'><strong>Nervam</strong></span> <span class='ocrx_word' id='word_1_278' title='bbox 1499 3210 1576 3254; x_wconf 84' lang='lat' dir='ltr'><strong>mox</strong></span> <span class='ocrx_word' id='word_1_279' title='bbox 1601 3189 1641 3255; x_wconf 89' lang='lat' dir='ltr'><strong>ab</strong></span> <span class='ocrx_word' id='word_1_280' title='bbox 1662 3213 1716 3255; x_wconf 88' lang='lat' dir='ltr'><strong>ao·</strong></span> 
     </span>
     <span class='ocr_line' id='line_1_27' title="bbox 164 3270 1718 3375; baseline 0.006 -27"><span class='ocrx_word' id='word_1_281' title='bbox 164 3270 358 3371; x_wconf 75' lang='lat' dir='ltr'><strong>oeouparet,</strong></span> <span class='ocrx_word' id='word_1_282' title='bbox 377 3285 418 3351; x_wconf 85' lang='lat' dir='ltr'><strong>de</strong></span> <span class='ocrx_word' id='word_1_283' title='bbox 434 3306 499 3371; x_wconf 83' lang='lat' dir='ltr'><strong>quo</strong></span> <span class='ocrx_word' id='word_1_284' title='bbox 518 3287 619 3351; x_wconf 83' lang='lat' dir='ltr'><strong>iusim</strong></span> <span class='ocrx_word' id='word_1_285' title='bbox 635 3286 795 3370; x_wconf 83' lang='lat' dir='ltr'><strong>disputavi</strong></span> <span class='ocrx_word' id='word_1_286' title='bbox 811 3304 909 3369; x_wconf 83' lang='lat' dir='ltr'><strong>snpra</strong></span> <span class='ocrx_word' id='word_1_287' title='bbox 968 3283 1034 3349; x_wconf 89' lang='lat' dir='ltr'><strong>dita</strong></span> <span class='ocrx_word' id='word_1_288' title='bbox 1055 3284 1195 3350; x_wconf 81' lang='lat' dir='ltr'><strong>victoria</strong></span> <span class='ocrx_word' id='word_1_289' title='bbox 1213 3287 1285 3354; x_wconf 77' lang='lat' dir='ltr'><strong>Iovi</strong></span> <span class='ocrx_word' id='word_1_290' title='bbox 1313 3288 1433 3375; x_wconf 77' lang='lat' dir='ltr'><strong>gratier</strong></span> <span class='ocrx_word' id='word_1_291' title='bbox 1462 3304 1609 3355; x_wconf 81' lang='lat' dir='ltr'><strong>arturum</strong></span> <span class='ocrx_word' id='word_1_292' title='bbox 1639 3314 1718 3359; x_wconf 87' lang='lat' dir='ltr'><strong>ooo·</strong></span> 
     </span>
     <span class='ocr_line' id='line_1_28' title="bbox 162 3385 1715 3480; baseline 0.006 -28"><span class='ocrx_word' id='word_1_293' title='bbox 162 3408 239 3473; x_wconf 85' lang='lat' dir='ltr'><strong>pag.</strong></span> <span class='ocrx_word' id='word_1_294' title='bbox 258 3388 322 3464; x_wconf 72' lang='grc'><strong>448</strong></span> <span class='ocrx_word' id='word_1_295' title='bbox 355 3388 390 3451; x_wconf 90' lang='lat' dir='ltr'><strong>in</strong></span> <span class='ocrx_word' id='word_1_296' title='bbox 421 3388 702 3455; x_wconf 82' lang='lat' dir='ltr'><strong>animadveranne</strong></span> <span class='ocrx_word' id='word_1_297' title='bbox 733 3386 908 3475; x_wconf 83' lang='lat' dir='ltr'><strong>peculiari,</strong></span> <span class='ocrx_word' id='word_1_298' title='bbox 968 3385 1135 3452; x_wconf 85' lang='lat' dir='ltr'><strong>aoendisse</strong></span> <span class='ocrx_word' id='word_1_299' title='bbox 1160 3388 1373 3474; x_wconf 83' lang='lat' dir='ltr'><strong>Capitolium,</strong></span> <span class='ocrx_word' id='word_1_300' title='bbox 1402 3406 1437 3456; x_wconf 90' lang='lat' dir='ltr'><strong>et</strong></span> <span class='ocrx_word' id='word_1_301' title='bbox 1458 3414 1522 3457; x_wconf 87' lang='lat' dir='ltr'><strong>una</strong></span> <span class='ocrx_word' id='word_1_302' title='bbox 1543 3392 1715 3480; x_wconf 76' lang='lat' dir='ltr'><strong>adepturae</strong></span> 
     </span>
     <span class='ocr_line' id='line_1_29' title="bbox 161 3488 1717 3577; baseline 0.006 -25"><span class='ocrx_word' id='word_1_303' title='bbox 161 3508 230 3572; x_wconf 87' lang='lat' dir='ltr'><strong>qno</strong></span> <span class='ocrx_word' id='word_1_304' title='bbox 250 3488 327 3553; x_wconf 88' lang='lat' dir='ltr'><strong>loeo</strong></span> <span class='ocrx_word' id='word_1_305' title='bbox 353 3503 387 3553; x_wconf 87' lang='lat' dir='ltr'><strong>et</strong></span> <span class='ocrx_word' id='word_1_306' title='bbox 411 3492 694 3577; x_wconf 79' lang='lat' dir='ltr'><strong>parachronismos</strong></span> <span class='ocrx_word' id='word_1_307' title='bbox 715 3488 849 3565; x_wconf 90' lang='lat' dir='ltr'><strong>Dionis,</strong></span> <span class='ocrx_word' id='word_1_308' title='bbox 876 3501 911 3553; x_wconf 86' lang='lat' dir='ltr'><strong>et</strong></span> <span class='ocrx_word' id='word_1_309' title='bbox 968 3488 1162 3571; x_wconf 73' lang='lat' dir='ltr'><strong>Traianum,</strong></span> <span class='ocrx_word' id='word_1_310' title='bbox 1193 3505 1319 3555; x_wconf 82' lang='lat' dir='ltr'><strong>constat</strong></span> <span class='ocrx_word' id='word_1_311' title='bbox 1349 3492 1493 3576; x_wconf 87' lang='lat' dir='ltr'><strong>denique</strong></span> <span class='ocrx_word' id='word_1_312' title='bbox 1525 3516 1567 3559; x_wconf 86' lang='lat' dir='ltr'><strong>er</strong></span> <span class='ocrx_word' id='word_1_313' title='bbox 1596 3499 1717 3561; x_wconf 86' lang='lat' dir='ltr'><strong>Eutro-</strong></span> 
     </span>
     <span class='ocr_line' id='line_1_30' title="bbox 161 3588 1711 3681; baseline 0.002 -30"><span class='ocrx_word' id='word_1_314' title='bbox 161 3592 393 3655; x_wconf 79' lang='lat' dir='ltr'><strong>recentiorum</strong></span> <span class='ocrx_word' id='word_1_315' title='bbox 420 3592 462 3656; x_wconf 87' lang='lat' dir='ltr'><strong>da</strong></span> <span class='ocrx_word' id='word_1_316' title='bbox 496 3592 672 3657; x_wconf 82' lang='lat' dir='ltr'><strong>eonstituto</strong></span> <span class='ocrx_word' id='word_1_317' title='bbox 709 3590 774 3655; x_wconf 83' lang='lat' dir='ltr'><strong>hoo</strong></span> <span class='ocrx_word' id='word_1_318' title='bbox 812 3589 907 3653; x_wconf 87' lang='lat' dir='ltr'><strong>titulo</strong></span> <span class='ocrx_word' id='word_1_319' title='bbox 963 3590 1040 3677; x_wconf 84' lang='lat' dir='ltr'><strong>pio,</strong></span> <span class='ocrx_word' id='word_1_320' title='bbox 1075 3588 1234 3673; x_wconf 72' lang='lat' dir='ltr'><strong>Traiano,</strong></span> <span class='ocrx_word' id='word_1_321' title='bbox 1272 3612 1346 3655; x_wconf 83' lang='lat' dir='ltr'><strong>enm</strong></span> <span class='ocrx_word' id='word_1_322' title='bbox 1375 3594 1531 3657; x_wconf 83' lang='lat' dir='ltr'><strong>Coloniae</strong></span> <span class='ocrx_word' id='word_1_323' title='bbox 1557 3597 1711 3681; x_wconf 76' lang='lat' dir='ltr'><strong>Agrippi.</strong></span> 
     </span>
     <span class='ocr_line' id='line_1_31' title="bbox 162 3689 1713 3775; baseline 0.004 -20"><span class='ocrx_word' id='word_1_324' title='bbox 162 3693 419 3759; x_wconf 83' lang='lat' dir='ltr'><strong>commemorari</strong></span> <span class='ocrx_word' id='word_1_325' title='bbox 444 3712 485 3757; x_wconf 86' lang='lat' dir='ltr'><strong>ex</strong></span> <span class='ocrx_word' id='word_1_326' title='bbox 506 3694 683 3759; x_wconf 82' lang='lat' dir='ltr'><strong>eoncordia</strong></span> <span class='ocrx_word' id='word_1_327' title='bbox 706 3706 771 3756; x_wconf 89' lang='lat' dir='ltr'><strong>tam</strong></span> <span class='ocrx_word' id='word_1_328' title='bbox 795 3712 909 3755; x_wconf 86' lang='lat' dir='ltr'><strong>namo·</strong></span> <span class='ocrx_word' id='word_1_329' title='bbox 963 3710 1025 3754; x_wconf 87' lang='lat' dir='ltr'><strong>nae</strong></span> <span class='ocrx_word' id='word_1_330' title='bbox 1045 3705 1178 3775; x_wconf 86' lang='lat' dir='ltr'><strong>ageret,</strong></span> <span class='ocrx_word' id='word_1_331' title='bbox 1200 3689 1419 3775; x_wconf 75' lang='lat' dir='ltr'><strong>adoptionem·</strong></span> <span class='ocrx_word' id='word_1_332' title='bbox 1434 3694 1627 3760; x_wconf 80' lang='lat' dir='ltr'><strong>nunciatam.</strong></span> <span class='ocrx_word' id='word_1_333' title='bbox 1660 3702 1713 3761; x_wconf 80' lang='lat' dir='ltr'><strong>Aa</strong></span> 
     </span>
     <span class='ocr_line' id='line_1_32' title="bbox 160 3792 1711 3879; baseline 0.007 -25"><span class='ocrx_word' id='word_1_334' title='bbox 160 3812 254 3869; x_wconf 89' lang='lat' dir='ltr'><strong>rum,</strong></span> <span class='ocrx_word' id='word_1_335' title='bbox 277 3814 372 3879; x_wconf 80' lang='lat' dir='ltr'><strong>quum</strong></span> <span class='ocrx_word' id='word_1_336' title='bbox 391 3816 588 3861; x_wconf 86' lang='lat' dir='ltr'><strong>marmorum</strong></span> <span class='ocrx_word' id='word_1_337' title='bbox 606 3794 788 3859; x_wconf 83' lang='lat' dir='ltr'><strong>evidentes.</strong></span> <span class='ocrx_word' id='word_1_338' title='bbox 817 3796 908 3879; x_wconf 80' lang='lat' dir='ltr'><strong>Ergo</strong></span> <span class='ocrx_word' id='word_1_339' title='bbox 966 3792 1164 3872; x_wconf 85' lang='lat' dir='ltr'><strong>verisimile,</strong></span> <span class='ocrx_word' id='word_1_340' title='bbox 1197 3792 1372 3875; x_wconf 79' lang='lat' dir='ltr'><strong>Traianum</strong></span> <span class='ocrx_word' id='word_1_341' title='bbox 1400 3797 1486 3858; x_wconf 88' lang='lat' dir='ltr'><strong>intra</strong></span> <span class='ocrx_word' id='word_1_342' title='bbox 1515 3811 1578 3860; x_wconf 89' lang='lat' dir='ltr'><strong>tam</strong></span> <span class='ocrx_word' id='word_1_343' title='bbox 1608 3798 1711 3867; x_wconf 83' lang='lat' dir='ltr'><strong>breve</strong></span> 
     </span>
     <span class='ocr_line' id='line_1_33' title="bbox 161 3892 1714 3992; baseline 0.009 -39"><span class='ocrx_word' id='word_1_344' title='bbox 161 3892 228 3959; x_wconf 84' lang='lat' dir='ltr'><strong>hoo</strong></span> <span class='ocrx_word' id='word_1_345' title='bbox 250 3896 530 3992; x_wconf 66' lang='lat' dir='ltr'><strong>tempore-titulus</strong></span> <span class='ocrx_word' id='word_1_346' title='bbox 551 3894 724 3973; x_wconf 80' lang='lat' dir='ltr'>OPTIMI,</span> <span class='ocrx_word' id='word_1_347' title='bbox 747 3894 809 3959; x_wconf 88' lang='lat' dir='ltr'><strong>etsi</strong></span> <span class='ocrx_word' id='word_1_348' title='bbox 827 3894 909 3956; x_wconf 87' lang='lat' dir='ltr'><strong>lidu-</strong></span> <span class='ocrx_word' id='word_1_349' title='bbox 966 3906 1113 3979; x_wconf 81' lang='lat' dir='ltr'><strong>tenpus,</strong></span> <span class='ocrx_word' id='word_1_350' title='bbox 1145 3894 1234 3981; x_wconf 87' lang='lat' dir='ltr'><strong>qaod</strong></span> <span class='ocrx_word' id='word_1_351' title='bbox 1253 3896 1342 3957; x_wconf 84' lang='lat' dir='ltr'><strong>inter</strong></span> <span class='ocrx_word' id='word_1_352' title='bbox 1361 3897 1551 3976; x_wconf 76' lang='lat' dir='ltr'><strong>victoriam,</strong></span> <span class='ocrx_word' id='word_1_353' title='bbox 1580 3916 1615 3964; x_wconf 89' lang='lat' dir='ltr'><strong>et</strong></span> <span class='ocrx_word' id='word_1_354' title='bbox 1636 3902 1714 3967; x_wconf 81' lang='lat' dir='ltr'><strong>ado·</strong></span> 
     </span>
     <span class='ocr_line' id='line_1_34' title="bbox 160 3994 1720 4085; baseline 0.006 -28"><span class='ocrx_word' id='word_1_355' title='bbox 160 3996 212 4057; x_wconf 81' lang='lat' dir='ltr'><strong>cia</strong></span> <span class='ocrx_word' id='word_1_356' title='bbox 234 3994 333 4057; x_wconf 87' lang='lat' dir='ltr'><strong>Plinii</strong></span> <span class='ocrx_word' id='word_1_357' title='bbox 354 3995 418 4081; x_wconf 86' lang='lat' dir='ltr'><strong>jam</strong></span> <span class='ocrx_word' id='word_1_358' title='bbox 442 3998 570 4081; x_wconf 75' lang='lat' dir='ltr'><strong>pridem</strong></span> <span class='ocrx_word' id='word_1_359' title='bbox 592 3995 796 4085; x_wconf 84' lang='lat' dir='ltr'><strong>eognominis</strong></span> <span class='ocrx_word' id='word_1_360' title='bbox 817 3995 907 4061; x_wconf 85' lang='lat' dir='ltr'><strong>vires</strong></span> <span class='ocrx_word' id='word_1_361' title='bbox 964 3995 1112 4079; x_wconf 87' lang='lat' dir='ltr'><strong>ptionem</strong></span> <span class='ocrx_word' id='word_1_362' title='bbox 1147 3996 1351 4074; x_wconf 71' lang='lat' dir='ltr'><strong>intercessit,</strong></span> <span class='ocrx_word' id='word_1_363' title='bbox 1391 3999 1560 4065; x_wconf 85' lang='lat' dir='ltr'><strong>Coloniam</strong></span> <span class='ocrx_word' id='word_1_364' title='bbox 1598 4002 1720 4067; x_wconf 86' lang='lat' dir='ltr'><strong>redire·</strong></span> 
     </span>
     <span class='ocr_line' id='line_1_35' title="bbox 160 4096 1711 4185; baseline 0.004 -24"><span class='ocrx_word' id='word_1_365' title='bbox 160 4096 332 4177; x_wconf 75' lang='lat' dir='ltr'><strong>obtinuit,</strong></span> <span class='ocrx_word' id='word_1_366' title='bbox 356 4096 457 4163; x_wconf 80' lang='lat' dir='ltr'><strong>imur</strong></span> <span class='ocrx_word' id='word_1_367' title='bbox 487 4100 567 4167; x_wconf 80' lang='lat' dir='ltr'><strong>veri.</strong></span> <span class='ocrx_word' id='word_1_368' title='bbox 590 4096 792 4183; x_wconf 76' lang='lat' dir='ltr'><strong>cognominis</strong></span> <span class='ocrx_word' id='word_1_369' title='bbox 817 4096 907 4161; x_wconf 87' lang='lat' dir='ltr'><strong>adbi-</strong></span> <span class='ocrx_word' id='word_1_370' title='bbox 963 4097 1126 4181; x_wconf 87' lang='lat' dir='ltr'><strong>potuiase,</strong></span> <span class='ocrx_word' id='word_1_371' title='bbox 1150 4109 1239 4161; x_wconf 89' lang='lat' dir='ltr'><strong>tanto</strong></span> <span class='ocrx_word' id='word_1_372' title='bbox 1256 4120 1275 4163; x_wconf 88' lang='lat' dir='ltr'><strong>a</strong></span> <span class='ocrx_word' id='word_1_373' title='bbox 1290 4098 1458 4164; x_wconf 86' lang='lat' dir='ltr'><strong>Pannonia</strong></span> <span class='ocrx_word' id='word_1_374' title='bbox 1474 4104 1646 4185; x_wconf 76' lang='lat' dir='ltr'><strong>regionam</strong></span> <span class='ocrx_word' id='word_1_375' title='bbox 1664 4104 1711 4166; x_wconf 85' lang='lat' dir='ltr'><strong>in·</strong></span> 
     </span>
     <span class='ocr_line' id='line_1_36' title="bbox 159 4192 1712 4286; baseline 0.005 -24"><span class='ocrx_word' id='word_1_376' title='bbox 159 4199 253 4277; x_wconf 85' lang='lat' dir='ltr'><strong>beri,</strong></span> <span class='ocrx_word' id='word_1_377' title='bbox 275 4213 309 4263; x_wconf 87' lang='lat' dir='ltr'><strong>et</strong></span> <span class='ocrx_word' id='word_1_378' title='bbox 325 4200 360 4263; x_wconf 91' lang='lat' dir='ltr'><strong>in</strong></span> <span class='ocrx_word' id='word_1_379' title='bbox 376 4221 437 4265; x_wconf 87' lang='lat' dir='ltr'><strong>usn</strong></span> <span class='ocrx_word' id='word_1_380' title='bbox 454 4219 527 4265; x_wconf 84' lang='lat' dir='ltr'><strong>ease</strong></span> <span class='ocrx_word' id='word_1_381' title='bbox 544 4202 670 4284; x_wconf 87' lang='lat' dir='ltr'><strong>eoepit,</strong></span> <span class='ocrx_word' id='word_1_382' title='bbox 691 4198 779 4283; x_wconf 90' lang='lat' dir='ltr'><strong>quod</strong></span> <span class='ocrx_word' id='word_1_383' title='bbox 793 4196 848 4264; x_wconf 81' lang='lat' dir='ltr'><strong>vel</strong></span> <span class='ocrx_word' id='word_1_384' title='bbox 865 4216 908 4261; x_wconf 84' lang='lat' dir='ltr'><strong>ax</strong></span> <span class='ocrx_word' id='word_1_385' title='bbox 930 4192 934 4197; x_wconf 77' lang='grc'><strong>’</strong></span> <span class='ocrx_word' id='word_1_386' title='bbox 964 4198 1105 4262; x_wconf 79' lang='lat' dir='ltr'><strong>terrallo</strong></span> <span class='ocrx_word' id='word_1_387' title='bbox 1127 4197 1301 4264; x_wconf 72' lang='lat' dir='ltr'><strong>dimitam?-</strong></span> <span class='ocrx_word' id='word_1_388' title='bbox 1330 4201 1416 4265; x_wconf 84' lang='lat' dir='ltr'><strong>Sane</strong></span> <span class='ocrx_word' id='word_1_389' title='bbox 1436 4216 1608 4286; x_wconf 85' lang='lat' dir='ltr'><strong>praetensa</strong></span> <span class='ocrx_word' id='word_1_390' title='bbox 1629 4205 1712 4270; x_wconf 77' lang='lat' dir='ltr'><strong>haer</strong></span> 
     </span>
     <span class='ocr_line' id='line_1_37' title="bbox 159 4300 1713 4389; baseline 0.003 -22"><span class='ocrx_word' id='word_1_391' title='bbox 159 4302 362 4367; x_wconf 80' lang='lat' dir='ltr'><strong>suceessoris</strong></span> <span class='ocrx_word' id='word_1_392' title='bbox 394 4301 553 4367; x_wconf 82' lang='lat' dir='ltr'><strong>Hadriani</strong></span> <span class='ocrx_word' id='word_1_393' title='bbox 588 4300 695 4365; x_wconf 83' lang='lat' dir='ltr'><strong>numia</strong></span> <span class='ocrx_word' id='word_1_394' title='bbox 730 4312 838 4383; x_wconf 87' lang='lat' dir='ltr'><strong>patet,</strong></span> <span class='ocrx_word' id='word_1_395' title='bbox 872 4300 907 4361; x_wconf 90' lang='lat' dir='ltr'><strong>in</strong></span> <span class='ocrx_word' id='word_1_396' title='bbox 966 4300 1041 4384; x_wconf 79' lang='lat' dir='ltr'><strong>ejua</strong></span> <span class='ocrx_word' id='word_1_397' title='bbox 1065 4300 1100 4362; x_wconf 89' lang='lat' dir='ltr'><strong>in</strong></span> <span class='ocrx_word' id='word_1_398' title='bbox 1128 4301 1327 4367; x_wconf 80' lang='lat' dir='ltr'><strong>Pennenirm</strong></span> <span class='ocrx_word' id='word_1_399' title='bbox 1352 4301 1534 4389; x_wconf 87' lang='lat' dir='ltr'><strong>proleotio,</strong></span> <span class='ocrx_word' id='word_1_400' title='bbox 1566 4317 1604 4370; x_wconf 85' lang='lat' dir='ltr'><strong>et</strong></span> <span class='ocrx_word' id='word_1_401' title='bbox 1626 4308 1713 4371; x_wconf 79' lang='lat' dir='ltr'><strong>Mur·</strong></span> 
     </span>
     <span class='ocr_line' id='line_1_38' title="bbox 159 4404 1711 4489; baseline 0.001 -21"><span class='ocrx_word' id='word_1_402' title='bbox 159 4424 259 4487; x_wconf 84' lang='lat' dir='ltr'><strong>quem</strong></span> <span class='ocrx_word' id='word_1_403' title='bbox 291 4404 338 4477; x_wconf 82' lang='lat' dir='ltr'><strong>is,</strong></span> <span class='ocrx_word' id='word_1_404' title='bbox 368 4404 443 4489; x_wconf 82' lang='lat' dir='ltr'><strong>quia</strong></span> <span class='ocrx_word' id='word_1_405' title='bbox 471 4424 588 4471; x_wconf 79' lang='lat' dir='ltr'><strong>rernm</strong></span> <span class='ocrx_word' id='word_1_406' title='bbox 617 4420 817 4489; x_wconf 78' lang='lat' dir='ltr'><strong>cognomen,</strong></span> <span class='ocrx_word' id='word_1_407' title='bbox 845 4418 908 4485; x_wconf 86' lang='lat' dir='ltr'><strong>per</strong></span> <span class='ocrx_word' id='word_1_408' title='bbox 965 4420 1199 4469; x_wconf 81' lang='lat' dir='ltr'><strong>nomannorum</strong></span> <span class='ocrx_word' id='word_1_409' title='bbox 1225 4404 1260 4465; x_wconf 88' lang='lat' dir='ltr'><strong>in</strong></span> <span class='ocrx_word' id='word_1_410' title='bbox 1286 4424 1359 4469; x_wconf 83' lang='lat' dir='ltr'><strong>eam</strong></span> <span class='ocrx_word' id='word_1_411' title='bbox 1385 4404 1575 4488; x_wconf 83' lang='lat' dir='ltr'><strong>impressio,</strong></span> <span class='ocrx_word' id='word_1_412' title='bbox 1604 4420 1638 4469; x_wconf 85' lang='lat' dir='ltr'><strong>et</strong></span> <span class='ocrx_word' id='word_1_413' title='bbox 1658 4427 1711 4471; x_wconf 85' lang='lat' dir='ltr'><strong>re·</strong></span> 
     </span>
     <span class='ocr_line' id='line_1_39' title="bbox 159 4502 1710 4593; baseline 0.001 -24"><span class='ocrx_word' id='word_1_414' title='bbox 159 4506 370 4593; x_wconf 88' lang='lat' dir='ltr'><strong>adoptionem</strong></span> <span class='ocrx_word' id='word_1_415' title='bbox 392 4506 549 4571; x_wconf 82' lang='lat' dir='ltr'><strong>transivit.</strong></span> <span class='ocrx_word' id='word_1_416' title='bbox 964 4502 1029 4569; x_wconf 84' lang='lat' dir='ltr'><strong>late</strong></span> <span class='ocrx_word' id='word_1_417' title='bbox 1052 4504 1093 4569; x_wconf 87' lang='lat' dir='ltr'><strong>eb</strong></span> <span class='ocrx_word' id='word_1_418' title='bbox 1119 4525 1160 4571; x_wconf 87' lang='lat' dir='ltr'><strong>eo</strong></span> <span class='ocrx_word' id='word_1_419' title='bbox 1184 4504 1338 4585; x_wconf 78' lang='lat' dir='ltr'><strong>victoria,</strong></span> <span class='ocrx_word' id='word_1_420' title='bbox 1364 4508 1392 4570; x_wconf 82' lang='lat' dir='ltr'><strong>ei</strong></span> <span class='ocrx_word' id='word_1_421' title='bbox 1416 4506 1602 4573; x_wconf 72' lang='lat' dir='ltr'><strong>cedrenum</strong></span> <span class='ocrx_word' id='word_1_422' title='bbox 1623 4509 1710 4575; x_wconf 81' lang='lat' dir='ltr'><strong>exei-</strong></span> 
     </span>
    </p>
   </div>
   <div class='ocr_carea' id='block_1_7' title="bbox 195 4820 1488 4982">
    <p class='ocr_par' dir='ltr' id='par_1_8' title="bbox 195 4820 1488 4982">
     <span class='ocr_line' id='line_1_40' title="bbox 195 4820 1101 4903; baseline 0.004 -23"><span class='ocrx_word' id='word_1_423' title='bbox 195 4826 226 4897; x_wconf 86' lang='lat' dir='ltr'><strong>a)</strong></span> <span class='ocrx_word' id='word_1_424' title='bbox 248 4824 361 4903; x_wconf 77' lang='lat' dir='ltr'><strong>capu.</strong></span> <span class='ocrx_word' id='word_1_425' title='bbox 434 4822 470 4897; x_wconf 88' lang='lat' dir='ltr'><strong>b)</strong></span> <span class='ocrx_word' id='word_1_426' title='bbox 489 4820 564 4881; x_wconf 75' lang='lat' dir='ltr'><strong>et.</strong></span> <span class='ocrx_word' id='word_1_427' title='bbox 582 4820 665 4883; x_wconf 84' lang='lat' dir='ltr'><strong>Tora.</strong></span> <span class='ocrx_word' id='word_1_428' title='bbox 674 4820 750 4887; x_wconf 78' lang='lat' dir='ltr'><strong>m</strong></span> <span class='ocrx_word' id='word_1_429' title='bbox 766 4842 796 4900; x_wconf 87' lang='lat' dir='ltr'><strong>p.</strong></span> <span class='ocrx_word' id='word_1_430' title='bbox 808 4826 869 4889; x_wconf 75' lang='lat' dir='ltr'><strong>tii.</strong></span> <span class='ocrx_word' id='word_1_431' title='bbox 886 4840 949 4899; x_wconf 79' lang='lat' dir='ltr'><strong>req.</strong></span> <span class='ocrx_word' id='word_1_432' title='bbox 967 4822 997 4881; x_wconf 88' lang='lat' dir='ltr'><strong>in</strong></span> <span class='ocrx_word' id='word_1_433' title='bbox 1014 4822 1101 4884; x_wconf 82' lang='lat' dir='ltr'><strong>Ilem.</strong></span> 
     </span>
     <span class='ocr_line' id='line_1_41' title="bbox 1304 4922 1488 4982; baseline -0.011 -1"><span class='ocrx_word' id='word_1_434' title='bbox 1304 4922 1488 4982; x_wconf 83' lang='lat' dir='ltr'><strong>Mmma</strong></span> 
     </span>
    </p>
   </div>
   <div class='ocr_carea' id='block_1_8' title="bbox 1761 4485 1775 4521">
    <p class='ocr_par' dir='ltr' id='par_1_9' title="bbox 1761 4485 1775 4521">
     <span class='ocr_line' id='line_1_42' title="bbox 1761 4485 1775 4521; baseline 0 0"><span class='ocrx_word' id='word_1_435' title='bbox 1761 4485 1775 4521; x_wconf 67' lang='lat' dir='ltr'><strong>d</strong></span> 
     </span>
    </p>
   </div>
   <div class='ocr_carea' id='block_1_9' title="bbox 0 0 2138 5500">
    <p class='ocr_par' dir='ltr' id='par_1_10' title="bbox 0 0 2138 5500">
     <span class='ocr_line' id='line_1_43' title="bbox 0 0 2138 5500; baseline 0 6"><span class='ocrx_word' id='word_1_436' title='bbox 0 0 2138 5500; x_wconf 95' lang='lat' dir='ltr'><strong> </strong></span> 
     </span>
    </p>
   </div>
  </div>
 </body>
</html>
