4267 5500
816 574 852 647 N
859 572 988 648 ERO.
1603 605 1674 685 229

136 747 294 807 Neronem
318 742 351 803 ia
373 738 544 805 Graeciam
565 738 690 804 detulit.
721 740 872 827 Fingitur
929 762 994 827 quc
1022 755 1117 825 proto
1158 744 1199 807 ab
1221 765 1323 830 opere
1351 749 1531 830 destiterit,
1566 754 1672 819 iacere

135 848 227 909 etiam
246 846 280 905 iu
297 842 405 905 numia
420 840 569 904 Corinthi
586 844 800 905 etPatrarum
817 844 872 908 ad·
928 845 1128 907 narratoria
1146 845 1295 932 dialogo,
1323 852 1378 935 qui
1396 854 1541 917 lanciano
1560 855 1672 918 tribui·

134 948 266 1031 scriptos
280 941 745 1014 anvENTVS.AVGvsr1.
762 946 870 1029 Atque
927 958 996 1020 tur,
1021 945 1274 1031 inscribiturque
1293 950 1400 1031 Nero,
1424 971 1495 1019 tum
1512 970 1545 1018 at
1559 979 1578 1020 a
1594 958 1672 1020 Phi.

132 1050 174 1125 ia,
193 1060 304 1112 narrat
320 1046 496 1110 Suetonius
511 1045 558 1126 ¹),
580 1057 618 1106 ut
631 1041 776 1129 primurn
794 1050 872 1110 Cas·
927 1047 1063 1112 lustrato
1085 1052 1123 1131 l).
1150 1051 1465 1119 Eum'lathmiorum
1489 1057 1582 1121 dice
1604 1080 1672 1125 me·

130 1154 237 1233 siopen
266 1150 417 1227 traiecit,
450 1150 569 1211 statim
593 1148 640 1208 ad
657 1167 753 1211 arom
779 1149 872 1210 loris
927 1146 982 1210 dic
1000 1147 1105 1213 stadio
1124 1152 1324 1234 provinciam
1339 1156 1494 1221 Achaiam
1518 1156 1668 1223 libertate

133 1254 238 1315 Cassii
254 1262 393 1314 eantare
411 1250 606 1331 auspicatus
624 1260 685 1309 eet.
711 1250 871 1312 Certami·
927 1246 1065 1312 donasse
1085 1251 1184 1314 tradit
1201 1254 1377 1319 Suetonius
1390 1262 1434 1340 a).
1562 1305 1571 1322 .
1776 1314 1779 1319 .

132 1374 173 1415 rsa
191 1354 346 1432 deinceps
366 1351 595 1415 oblitumnr'a.
623 1346 711 1411 Nam
731 1362 763 1411 et
786 1370 870 1430 quae
990 1346 1130 1413 ΖΕΥΣ.
1156 1350 1389 1419 ΝΕΜΕΙΟΣ.
1413 1361 1453 1419 L.
1473 1360 1529 1426 ΙΔ.
1564 1362 1672 1443 Caput

132 1454 426 1519 diuersissimorum
441 1463 620 1532 temporum
633 1460 728 1526 sunt,
744 1454 821 1532 eogi
834 1455 870 1513 in
927 1451 1018 1513 Iovis
1031 1454 1231 1533 laureatum,
1241 1477 1325 1539 prae
1337 1477 1401 1538 quo
1416 1474 1552 1527 astrum.
1570 1465 1675 1546 (Mna.

132 1574 224 1617 unum
250 1570 375 1615 annum
394 1552 508 1629 jussit.
538 1548 724 1613 Nobilioraa
740 1548 870 1613 urbium
927 1551 1022 1617 Gaea.
1037 1554 1187 1637 zoega.)

132 1654 219 1721 ludos
240 1678 261 1719 a
277 1656 413 1717 Nerone
428 1648 463 1715 in
479 1648 619 1713 Graecia
638 1648 745 1714 obitos
760 1650 794 1713 in
812 1673 870 1715 nn·
989 1655 1114 1716 Nemus
1130 1656 1223 1721 tertia
1239 1658 1393 1723 ludorum
1409 1662 1621 1732 Nemeorum.

133 1756 189 1821 mia
203 1754 417 1843 aequantibus
433 1750 578 1836 prodidit
592 1751 773 1835 Aegyptus.
988 1750 1098 1821 HPA.
1110 1752 1295 1821 ΑΡΓΕΙΑ.
1310 1761 1351 1824 L.
1365 1760 1423 1824 ΙΔ.
1448 1768 1557 1849 Caput
1572 1772 1671 1836 June-

189 1848 872 1950 anounttN.AK11025u.1A.rro·
926 1858 1312 1938 nrsArgruaeoelatum
1320 1864 1420 1942 (Mus.
1430 1863 1521 1932 Caes.
1523 1871 1670 1957 managa)

133 1974 212 2024 tome
229 1959 410 2042 Apollinis
430 1958 539 2040 capite
559 1955 728 2030 laureato,
753 1956 874 2039 pltare·
927 1990 938 2001 ·
992 1955 1071 2019 Noti
1097 1958 1227 2021 lunonis
1247 1959 1318 2023 ludi
1340 1964 1426 2046 apud
1448 1967 1558 2054 Argoa
1583 1974 1673 2037 cele.

133 2072 182 2121 tra
202 2072 281 2145 past
304 2060 457 2119 humeros
476 2059 699 2139 prominente,
732 2058 767 2117 in
793 2079 871 2123 urea
927 2056 1017 2120 brari
1040 2057 1138 2124 soliti.
1171 2061 1300 2126 Deinde
1324 2066 1411 2127 inter
1422 2065 1560 2134 donaria
1578 2076 1673 2138 luno·

36 2158 37 2177 ι
134 2176 265 2225 mm
289 2158 468 2245 (Momm.)
927 2158 962 2220 ni
990 2160 1134 2243 Argivae
1174 2161 1282 2226 oblata
1312 2183 1536 2233 memorantur
1572 2176 1672 2238 etiam

189 2266 297 2327 Notata
319 2261 440 2347 Apollo
462 2260 593 2337 Actius,
622 2257 757 2346 ejusque
783 2260 867 2345 ¹apud
927 2260 1123 2324 aPanaania
1151 2274 1278 2341 separor
1304 2274 1438 2349 χρυσᾶς,
1477 2296 1527 2333 aue
1559 2280 1672 2352 πιιλος

134 2364 257 2429 dedum
276 2364 356 2427 ludi.
526 2405 530 2411 ι
923 2372 1087 2443 nappaeae,
1101 2360 1241 2444 Nepurof
1252 2388 1350 2427 ruore
1362 2368 1562 2454 ἀναθηματα,
1578 2396 1670 2439 cm.

190 2456 868 2529 anonAttN.ssTu102.rrotoma
925 2482 1111 2541 nuaurea,
1134 2475 1168 2527 et
1180 2468 1312 2550 peplum
1328 2492 1548 2555 purpureum,
1568 2475 1670 2541 Nero·

131 2568 259 2631 similis.
281 2564 462 2649 (Horelli.)
856 2616 860 2627 .
925 2564 980 2629 nis
995 2564 1083 2627 dona
1097 2563 1143 2646 h).

188 2666 302 2733 Offert
325 2666 381 2729 bic
403 2686 520 2727 numus
545 2665 720 2729 certamina
742 2664 868 2749 Pythia.
1180 2696 1202 2736 u

132 2773 164 2832 lu
198 2767 432 2834 acclamatione
467 2765 597 2850 publica
635 2767 740 2831 dictus
776 2769 867 2830 Nero
925 2801 929 2810 ·
987 2761 1227 2833 ΝΕΡΩΝΟΣ
1268 2702 1518 2841 timim}
1561 2778 1671 2845 HPE-

132 2891 257 2956 quoqne
281 2869 343 2932 tuit
364 2873 471 2930 uictor
493 2870 637 2952 Pythius
656 2867 700 2951 b).
728 2870 867 2933 Romam
923 2861 1094 2928 MONIA
1115 2867 1259 2933 Neronis
1278 2874 1433 2938 Caesaris
1445 2881 1668 2961 principatus

130 2971 226 3036 redux
243 2991 400 3036 eoronam
414 2969 563 3054 Pythiam
579 2970 716 3035 dextera
730 2991 868 3055 praege·
924 2965 960 3028 iu
973 2985 1074 3030 numo
1086 2969 1295 3055 Perperenea
1311 2975 1454 3058 Mysiae,
1470 2998 1566 3062 quam
1581 2982 1667 3050 aida.

130 3075 218 3144 aierit
239 3075 282 3156 θ).
1185 3119 1205 3158 e
1289 3075 1308 3112 ⁴
1391 3123 1412 3159 a
1571 3109 1583 3130 ‘

186 3169 309 3240 ΔΙΟΣ.
329 3167 599 3238 ΟΛΤΜΠΙΟΤ.
620 3173 660 3237 L.
676 3167 733 3240 ῙΓ.
760 3177 868 3257 Caput
1022 3169 1266 3241 Net’ttttoc.
1298 3177 1542 3249 KAICAPOC.
1566 3179 1668 3248 Der·

129 3279 214 3342 lonis
228 3278 429 3338 laureatum.
452 3271 630 3356 (Metelli.)
916 3309 920 3318 ·
1021 3271 1258 3345 MANIKOT.
1284 3281 1392 3361 Caput
1404 3283 1539 3346 nudum.

185 3379 329 3462 Propter
343 3374 496 3440 victorias
513 3373 600 3459 apud
614 3373 798 3461 Olympiam
813 3397 866 3442 re·
924 3371 1211 3443 ΔῙΔΡΑΓΜΟΝ.
1262 3379 1448 3462 Simpulum
1484 3397 1519 3447 et
1550 3387 1667 3452 lituus.

130 3487 220 3560 taur,
246 3479 289 3542 de
307 3477 423 3562 quibua
442 3475 542 3541 multa
560 3477 725 3558 himerici,
750 3479 864 3543 eadem
922 3475 994 3542 An.
1011 3479 1066 3542 ΠΙ.
1106 3477 1168 3540 Eat
1196 3481 1346 3543 nonnihil
1368 3483 1526 3563 crassior,
1553 3499 1588 3550 et
1613 3487 1667 3550 ad·

129 3580 354 3646 autumatione
383 3577 488 3642 dictata
512 3592 563 3642 est
583 3584 691 3642 uictor
721 3581 867 3663 Olympi·
922 3577 1036 3662 pendit
1051 3579 1163 3663 paullo
1178 3582 1251 3664 plna
1268 3581 1391 3647 duabus
1406 3582 1569 3648 drachmis
1584 3589 1668 3668 Dyr-

129 3705 183 3748 eus
198 3683 241 3764 t¹).
262 3681 387 3749 Vrbem
402 3681 508 3745 redux
523 3679 690 3765 ingressus
706 3695 756 3744 eat
772 3700 864 3745 coro·
921 3679 1106 3744 rbacbenia.
1145 3685 1246 3764 (uua.
1276 3683 1368 3748 Caee.
1398 3684 1512 3765 Vaill.)
1543 3686 1666 3750 Similia

130 3805 197 3848 nam
212 3783 437 3867 Olympiacam
453 3782 558 3866 eapite
577 3801 696 3865 garena
713 3783 755 3863 ²).
920 3779 1208 3859 Pemb‘rocltianua,
1224 3782 1562 3869 aedinquoseriptum
1571 3808 1666 3870 prae·

184 3877 451 3946 ΠΟΣΕΙΔΩΝ.
479 3877 699 3946 ῙΣΘΜῙΟΣ.
734 3883 773 3944 L.
804 3879 862 3948 ΙΔ.
921 3883 1065 3946 tenditur
1086 3879 1373 3946 ΔΙΔΡΑΧΜΟΝ
1391 3885 1546 3968 appendit
1567 3908 1666 3970 grana

130 3989 232 4066 capue
258 3983 406 4064 Neptuni
434 3987 657 4048 diadematum
693 4005 768 4049 oum
804 3986 865 4048 tri·
915 3982 1100 4067 -dnqlieana
1118 3983 1175 4046 rad
1201 3985 1294 4065 (Part
1306 3987 1359 4047 111.
1376 3985 1440 4048 tab.
1454 3989 1552 4068 18.)‘

126 4089 227 4152 dente.
248 4089 349 4166 (lina.
366 4087 475 4167 Caes.)
703 4131 705 4136 ,
959 4135 964 4142 .
1019 4079 1270 4178 NEPssNOZ.
1298 4080 1557 4153 ΚΑῙΣΑΡΟΣ.
1587 4083 1665 4150 ΣΕ·

182 4191 351 4274 b'eptnnus
365 4187 514 4252 isthmius
531 4207 596 4250 non
609 4187 714 4253 aulum
726 4200 864 4271 proptor
1018 4179 1224 4249 umor.
1248 4191 1355 4269 Caput
1373 4187 1571 4256 laureatum.

127 4291 217 4356 ludos
244 4291 393 4355 latbmice
423 4289 633 4373 proponitur,
675 4287 735 4354 aed
766 4287 863 4352 etiam
921 4281 1136 4348 ΔΡΑΧΜΗ.
1154 4271 1229 4350 Er.
1246 4285 1296 4351 E:
1319 4285 1460 4366 Serpens
1473 4291 1599 4370 tripodi
1612 4291 1665 4352 ob·

128 4395 273 4476 quoniam
312 4391 467 4456 lathmum
509 4389 688 4473 perfodere
727 4389 864 4453 tentavit
920 4389 1065 4451 volutus.
1088 4387 1159 4448 An.
1168 4389 1223 4453 111.
1241 4386 1392 4466 (Morelli
1401 4388 1533 4470 Speeim
1551 4410 1582 4470 p.
1595 4394 1664 4468 qq.)

128 4495 234 4572 Nero,
269 4493 356 4580 quod
386 4491 539 4557 stolidum
570 4492 793 4575 propositum,
829 4503 864 4554 et
920 4491 959 4552 In
974 4487 1142 4552 simillimo
1157 4487 1417 4556 aucVaillantiua
1432 4487 1516 4571 legit
1531 4486 1664 4550 Arar-

160 4721 190 4786 .)
212 4717 395 4794 capuam.
476 4715 511 4788 a)
530 4687 842 4784 nauantem.
924 4713 955 4780 ο)
974 4709 1150 4770 scetem.
1231 4708 1412 4778 norme
1491 4708 1523 4779 a)
1543 4707 1663 4766 sueton.

126 4805 179 4862 ir.
254 4809 279 4876 i)
297 4807 357 4868 vit.
373 4805 512 4882 Apollcn.
527 4805 619 4864 niv.
637 4813 718 4864 c-2t.
791 4801 970 4877 perpet·
1044 4797 1278 4868 h)1..tt.c.rt.
