4267 5500
875 529 1044 605 neno.
1659 566 1730 639 2„

184 726 290 773 totcns
301 708 478 771 secundom
495 702 661 769 conlisere
676 696 811 781 licebit?
832 698 932 763 Dein·
989 717 1067 783 prae
1078 698 1150 765 aliis
1159 702 1297 768 maxime
1312 704 1450 771 idoneus
1465 708 1666 793 ipsePlinius
1681 716 1730 802 Q:

184 812 227 875 de
238 829 321 879 vero
333 808 431 873 etiam
449 804 591 869 Gorsium
605 804 759 885 Augusti
764 803 934 883 primum?
992 800 1126 865 Summo
1134 806 1251 888 (aeris)
1259 809 1374 889 glorio
1388 831 1476 873 nuuc
1489 816 1526 873 in
1535 818 1732 884 Marianum

182 916 430 994 Eavercsmpus
454 908 487 969 in
505 903 664 969 similibus
679 902 807 966 literam
824 902 846 964 S
863 922 931 965 mo-
988 924 1164 982 converso,
1197 911 1286 988 quod
1307 920 1342 971 ct
1370 911 1579 981 Cordubense
1598 923 1735 988 dicitur.

182 1014 303 1079 netsrii
318 1012 399 1077 sitio
410 1008 584 1094 irrepsisse
602 1002 729 1069 censuit
749 1004 797 1085 ⁸),
814 1022 930 1067 verum
989 1002 1062 1065 Hoc
1075 1024 1097 1064 o
1111 1005 1254 1069 Liuiano
1270 1015 1435 1079 cadmiam
1449 1022 1597 1081 maxime
1607 1024 1735 1099 sorbet,

182 1115 273 1183 obvii
289 1126 366 1178 sunt
382 1112 417 1173 bi
434 1110 524 1173 nomi
543 1110 608 1172 hoo
624 1106 789 1171 elemento
809 1101 929 1178 notati,
988 1114 1022 1165 et
1036 1106 1226 1170 aurichalci
1237 1111 1419 1177 bonitatem
1435 1120 1593 1181 imitatur
1611 1124 1647 1184 ia
1664 1122 1733 1185 SE·

181 1232 220 1283 ut
249 1216 336 1281 adeo
365 1214 470 1277 omnis
498 1214 607 1294 lapsus
635 1204 776 1291 suspicio
813 1205 931 1289 procul
991 1202 1230 1284 STE'RTIIS,
1265 1214 1733 1304 DVPONDIARIISQVE,

183 1318 277 1384 absit.
323 1318 405 1379 Cum
434 1313 535 1397 igitur
563 1309 749 1384 videamus,
786 1306 843 1370 bas
870 1326 929 1369 no·
990 1305 1110 1386 Cyprio
1146 1330 1207 1370 suo
1234 1316 1365 1377 ossibus
1393 1322 1567 1382 contentis.
1627 1322 1732 1387 Recte

183 1434 233 1485 tas
249 1430 417 1483 constante
434 1418 512 1499 lege
533 1412 626 1499 sequi
644 1411 798 1490 ¹volumen
816 1428 930 1471 numo·
987 1403 1128 1484 isthaec,
1176 1408 1276 1474 modo
1292 1452 1296 1459 -
1313 1436 1381 1479 non
1421 1419 1583 1502 praelatus
1627 1437 1733 1500 esset,

184 1543 277 1595 nm,
300 1518 434 1582 dubium
455 1535 532 1579 sane
554 1534 620 1577 non
642 1525 708 1591 est,
731 1512 771 1575 iis
792 1510 930 1575 indicari
988 1507 1165 1592 scriptores
1180 1509 1354 1577 nnmerum
1363 1532 1512 1583 veterum
1529 1541 1643 1585 omnes
1656 1522 1734 1589 inde

184 1621 330 1709 pondus,
359 1633 412 1683 ant
435 1618 543 1683 serios
564 1618 728 1692 valorem,
757 1613 804 1678 sic
824 1626 860 1677 nt
881 1633 932 1676 se·
959 1614 965 1621 ’
988 1609 1157 1675 eBudseo
1176 1627 1210 1676 et
1229 1614 1314 1684 Vico
1335 1640 1439 1703 usqne
1467 1621 1508 1684 ed
1529 1622 1616 1686 hunc
1644 1622 1734 1690 diens

184 1722 329 1788 cundum
347 1734 495 1786 veterem
513 1738 660 1783 normam
682 1728 832 1780 monetae
846 1727 929 1808 stan·
987 1710 1049 1775 sibi
1063 1714 1281 1795 persuasisse,
1297 1724 1496 1799 sestertium,
1511 1737 1547 1785 nt
1565 1725 1669 1803 initio,
1685 1729 1734 1793 sic

183 1840 217 1890 te
251 1844 325 1909 rep.
352 1823 496 1907 signatae
528 1834 605 1883 nota
626 1806 665 1883 ll.
693 1818 817 1881 indicet
841 1816 930 1879 as'ses
988 1812 1144 1898 deinceps
1175 1836 1305 1903 quoqne
1334 1842 1468 1909 semper
1492 1824 1594 1887 luisse
1617 1848 1734 1911 argen-

185 1928 285 2005 duos,
315 1928 480 2001 Lunum,
509 1935 544 1986 et
565 1922 588 1983 8
610 1920 789 1984 semissem.
829 1916 931 1985 Vide·
988 1926 1087 1980 teum.
1122 1915 1187 2010 Qui
1204 1916 1301 1997 istud,
1321 1922 1449 2004 qnando
1465 1924 1530 2006 jam
1545 1927 1734 1993 Harduinus

184 2042 239 2093 tur
256 2026 413 2113 judiciem
425 2043 534 2087 meum
549 2020 743 2086 confirmare
759 2018 930 2104 Epictetus
987 2016 1022 2079 in
1045 2017 1112 2080 suis
1139 2017 1180 2081 ad
1200 2019 1288 2083 bono
1308 2022 1407 2085 Plinii
1424 2026 1534 2088 locum
1555 2026 1736 2095 observatis

185 2128 271 2216 apud
304 2128 477 2191 Attianum
499 2125 552 2205 ὅ),
588 2124 680 2207 cujus
709 2121 810 2186 verba
840 2132 930 2183 snntt
988 2119 1294 2184 sestertiosneneos
1312 2126 1592 2213 agnoseitlatqne
1613 2151 1671 2193 eos
1691 2152 1735 2194 ex

184 2226 334 2315 τιιαὲχη
353 2252 404 2291 ros
421 2248 601 2312 χαρακτηρα
622 2246 745 2287 resero
761 2238 933 2301 τετρασσιι-
987 2218 1105 2282 iisdem
1130 2220 1290 2300 lontibus,
1320 2246 1401 2308 quos
1429 2225 1537 2290 laudnt
1563 2230 1738 2297 Pinlterto·

186 2354 252 2415 (ους
278 2329 431 2412 Naeuiae.
479 2328 587 2411 Quom
621 2328 720 2389 dubet
742 2336 855 2387 notum
877 2320 934 2382 lic
987 2340 1066 2397 uns,
1086 2324 1219 2406 agnovit
1233 2325 1276 2389 cl.
1293 2326 1411 2411 Dupuy
1425 2328 1541 2392 Gallus
1552 2329 1594 2393 de
1614 2332 1734 2395 endem

185 2450 334 2517 quotuor
350 2434 476 2494 ossium
493 2432 636 2492 numus?
656 2425 808 2492 Neronis.
847 2420 932 2483 Setis
988 2437 1181 2504 argumento
1206 2427 1357 2511 copiose,
1385 2449 1423 2493 ac
1443 2430 1607 2495 subtiliter
1627 2432 1738 2517 dispu-

186 2550 279 2601 reote
297 2532 447 2619 procedit
461 2530 642 2614 proportio.
681 2528 718 2590 si
740 2526 773 2589 S.
785 2526 859 2589 1.11.
876 2541 934 2584 no·
956 2522 1058 2585 stans
1079 2524 1131 2606 ⁰)i
1153 2525 1240 2617 Quid
1257 2527 1343 2612 qnod
1358 2528 1428 2611 ipse
1446 2531 1496 2597 vir
1513 2532 1662 2599 eruditos
1681 2534 1736 2597 ad.

187 2651 257 2703 tant
272 2636 460 2711 semissem,
475 2653 580 2696 amem
597 2651 714 2707 unum,
737 2628 837 2703 duos,
864 2639 933 2687 tum
989 2621 1080 2687 ducit
1101 2624 1202 2689 rerba
1224 2628 1374 2693 salmasii
1392 2633 1580 2699 sestertium
1600 2657 1736 2702 aereum

187 2738 379 2804 numismata
409 2749 609 2808 retrorsum,
643 2753 701 2800 sen
733 2731 790 2800 lv.
815 2726 933 2795 assium
989 2727 1200 2793 memorantis
1220 2728 1272 2814 Q?
1387 2745 1395 2754 ·

189 2843 344 2928 Epicteto
364 2848 544 2901 memorata
563 2846 660 2900 erunt
682 2832 772 2896 numi
789 2831 829 2908 ii,
852 2849 934 2916 quos
1053 2831 1120 2891 lam
1140 2851 1221 2895 uero
1236 2846 1350 2898 auctor
1368 2837 1463 2900 aenei
1480 2838 1575 2922 hujus
1590 2841 1736 2903 sestertii

190 2963 311 3008 aeneos
325 2944 351 3003 1.
367 2939 493 3003 formae
513 2957 674 3002 vocamus.
704 2936 790 2998 Sene
809 2932 934 2994 institn·
990 2930 1137 2995 valorem
1162 2953 1308 3016 quoque,
1338 2937 1526 3020 acpondns
1548 2938 1733 3023 investigat.

189 3057 409 3126 toameope
427 3038 563 3103 bilancis
581 3037 729 3100 examine
750 3032 934 3120 depreben-
989 3031 1042 3091 Ex
1075 3030 1157 3094 lulio
1185 3032 1360 3111 Africano,
1400 3050 1434 3098 et
1462 3039 1599 3102 Herone
1628 3042 1736 3116 eruit,

190 3146 240 3222 di,
276 3144 372 3207 binos
400 3163 473 3207 cum
503 3151 577 3202 nota
604 3141 644 3203 ll.
672 3138 767 3199 simul
788 3145 933 3218 sumptos
990 3153 1139 3213 numum,
1170 3153 1229 3197 seu
1250 3136 1436 3198 sestertium
1456 3136 1654 3222 adpendisse
1674 3162 1734 3203 nn-

191 3245 338 3330 ejusdem
354 3245 427 3307 iere
444 3263 517 3306 esse
534 3237 698 3323 ponderis,
717 3257 786 3324 quo
795 3256 933 3302 aeneum
991 3234 1084 3299 ciam.
1128 3235 1172 3299 at
1200 3255 1282 3300 veru
1303 3235 1366 3300 hoc
1394 3239 1544 3322 pondere
1572 3262 1645 3306 esse
1666 3264 1734 3307 non

191 3347 331 3411 Neronis
343 3349 368 3407 1.
388 3346 524 3408 formae.
990 3335 1137 3421 potuisse
1173 3357 1308 3400 numum
1340 3353 1551 3424 argenteum,
1594 3343 1653 3408 sed
1683 3367 1737 3410 ae·

254 3451 321 3512 lam
343 3445 493 3532 proxime
516 3445 631 3528 praelo
652 3437 852 3523 subjicienda
872 3437 935 3501 suit
990 3457 1100 3504 neum.
1135 3435 1356 3523 Atqne‘senei
1373 3445 1396 3503 t
1415 3441 1542 3506 formae
1562 3444 1738 3529 imperato-

191 3552 272 3615 bsec
304 3548 438 3634 pagina,
477 3567 552 3610 curn
587 3543 716 3608 tandem
748 3539 789 3603 ad
820 3559 933 3603 manns
990 3561 1063 3602 rum
1084 3560 1198 3603 omnes
1223 3541 1410 3624 adpendunt
1430 3543 1575 3621 nnciam,
1602 3562 1684 3628 ergo
1701 3547 1737 3608 bi

190 3673 278 3716 meas
309 3647 462 3735 persenit
492 3667 573 3730 opus
593 3645 731 3708 Ioannis
750 3643 934 3706 Pinierton
991 3653 1066 3702 sunt
1094 3641 1188 3703 aenei
1226 3643 1369 3706 sestertii
1397 3663 1416 3704 a
1444 3642 1556 3705 Plinio
1589 3645 1734 3711 indicati.

190 3751 333 3817 bandini
358 3769 442 3814 anno
463 3749 543 3829 1789
566 3745 752 3830 vulgatum,
780 3743 834 3806 cni
859 3741 933 3804 titn·
989 3741 1082 3805 Haeo
1102 3741 1161 3802 ille
1181 3740 1291 3804 addito
1319 3742 1456 3825 insuper
1478 3742 1518 3835 Q.
1540 3744 1580 3809 E.
1604 3745 1646 3808 D.
1689 3747 1736 3808 At

193 3855 258 3918 lust
271 3855 332 3918 An
344 3855 454 3933 Essoy
466 3869 510 3912 ou
524 3849 668 3912 Medols.
691 3847 728 3905 ln
745 3845 841 3926 hujus
857 3863 935 3928 ope·
989 3854 1064 3904 sunt
1081 3842 1254 3918 nonnulla,
1276 3861 1359 3929 qnae
1379 3842 1455 3905 hoie
1471 3843 1596 3927 possint
1615 3845 1736 3910 doctri·

193 3957 237 4020 ris
254 3968 346 4040 parte
362 3950 492 4036 priore,
521 3966 586 4030 qno
602 3945 677 4008 loco
694 3957 860 4009 monetam
882 3963 934 4006 ae·
987 3961 1050 4005 nse
1077 3941 1254 4008 adversari.
1298 3942 1460 4037 Quoniam
1488 3945 1588 4008 Plinii
1608 3961 1735 4026 aetate,

190 4051 648 4123 nenmveternminexsmen
664 4061 773 4123 vocat,
791 4046 932 4130 probare
990 4051 1026 4105 ut
1047 4041 1134 4106 inter
1153 4064 1268 4108 omnes
1291 4059 1435 4123 constat,
1469 4069 1503 4109 aa
1529 4047 1570 4111 sd
1594 4047 1735 4113 mediam

191 4159 289 4222 etiam
306 4153 475 4222 contendit
497 4153 544 4234 c),
565 4149 750 4214 sestertium
772 4147 856 4236 apud
868 4149 935 4209 Ro·
992 4143 1120 4207 unciam
1144 4145 1295 4210 redactos
1311 4145 1389 4226 init,
1411 4149 1581 4212 sestertius
1604 4169 1738 4229 senens,

191 4279 302 4324 manos
325 4276 393 4321 non
412 4251 512 4316 modo
533 4263 722 4336 argenteam
744 4249 843 4314 luisse
868 4270 936 4312 mo·
993 4267 1053 4310 sen
1070 4266 1186 4309 numus
1202 4249 1226 4310 t.
1244 4247 1388 4326 formae,
1407 4251 1481 4334 qnia
1505 4252 1561 4318 tv.
1580 4271 1668 4314 asses
1685 4273 1738 4316 vs·

194 4375 316 4436 netem,
344 4353 405 4423 sed
427 4345 561 4420 aeneam
578 4371 719 4438 qnoque.
762 4349 869 4414 Testis
886 4350 938 4411 illi
993 4347 1098 4428 lebat,
1127 4347 1316 4434 adpendere
1340 4348 1505 4414 debuisset
1521 4352 1631 4416 uncias
1646 4351 1738 4428 duas,

190 4527 1729 4561 *un—affl

190 4624 258 4732 Ἃ)
277 4655 326 4716 aa
341 4653 469 4714 uoluta
483 4655 581 4732 tmpp.
598 4651 679 4713 nn.
695 4661 800 4727 pne.
873 4645 908 4719 a)
927 4645 1100 4712 naues.
1173 4650 1206 4722 e>
1222 4649 1362 4724 pueros
1436 4645 1472 4720 a)
1490 4646 1737 4722 amram,

194 4743 732 4822 e)ttem.tt.1..r.xxvtttp.nst.
817 4737 1000 4816 Optem.
1303 4788 1309 4800 .
1387 4823 1504 4888 N„
1656 4783 1662 4796 .
