4267 5500
543 503 548 516 ¹
639 515 1177 643 raucarum(
1290 573 1293 576 ’
1603 565 1665 638 ‚va

191 753 310 861 Opus
338 743 450 831 istud
479 724 603 826 shut
620 739 756 824 lucem
775 741 899 850 vidit,
929 741 1053 826 simul
1078 741 1238 828 omissis
1255 742 1431 830 Occouis
1448 745 1657 857 exempla»
1797 778 1801 784 ’

113 887 222 970 ribus
248 883 372 984 auide
398 889 629 992 arreptum,
657 905 873 991 amrunque
899 879 977 964 fuit
993 880 1037 966 in
1059 880 1251 968 manibus
1269 909 1448 998 eorum,
1468 881 1541 995 qui
1557 906 1660 967 enu-

112 1023 305 1106 cleandae
328 1023 611 1130 Augustorum
635 1014 854 1125 historiae,
887 1031 929 1102 et
945 1016 1237 1133 chronologiae
1264 1019 1436 1125 seriam,
1466 1019 1658 1104 solidam-

112 1185 187 1272 que
206 1154 375 1270 operam
391 1153 701 1266 impenderunt.
731 1152 788 1237 Et
812 1181 912 1240 vero
938 1153 1114 1268 insignia
1133 1157 1227 1244 sibi„
1240 1157 1295 1238 ad
1309 1157 1566 1269 propositum
1591 1186 1660 1242 ac-
1692 1142 1694 1145 ⁵

112 1296 273 1379 cessisse
304 1289 510 1398 subsidia,
537 1292 627 1403 jaue
654 1287 734 1372 sibi
759 1285 1006 1376 videbantur
1034 1320 1155 1403 posse
1182 1293 1402 1405 graudari,
1431 1323 1530 1381 curn
1545 1293 1659 1380 vide·

110 1445 203 1514 rent
220 1429 391 1514 Occurris
416 1455 523 1539 opus
543 1440 631 1510 tam
651 1427 780 1535 laeta,
810 1440 853 1511 et
881 1428 1060 1540 copiosa·
1075 1457 1300 1516 nmnorrun
1323 1431 1559 1516 accessione
1586 1458 1659 1524 au·
1703 1461 1707 1467 ¹

112 1580 242 1674 ctum,
269 1564 670 1678 amplificatamque,
699 1591 848 1648 numos
866 1565 976 1676 ipsos
1000 1564 1192 1672 meliore,
1222 1578 1265 1651 et
1281 1566 1411 1680 magis
1431 1569 1657 1685 conspicuo

112 1703 244 1787 ordine
260 1701 510 1820 descriptos,
540 1715 583 1787 et
611 1725 687 1813 per
705 1701 873 1785 annales
897 1700 1133 1788 secrmdum
1148 1716 1358 1815 tempora,
1387 1702 1539 1817 quibus
1566 1704 1659 1789 cusi

106 1839 369 1956 ridebantur,
400 1835 647 1924 distributos.
676 1847 934 1952 Quapropter
950 1839 1103 1924 mirum
1120 1856 1207 1924 non
1226 1855 1303 1949 est,
1332 1855 1548 1954 perspecta
1566 1845 1655 1956 ejus

106 1978 232 2092 operis
262 1975 591 2091 opportunitate,
617 1975 840 2064 accedente
867 1985 1081 2089 praeterea
1105 1975 1370 2070 Medioharbi
1398 1977 1657 2088 auctoritate,

104 2129 143 2200 et
164 2116 402 2210 nullatanus
429 2127 616 2228 suspecti
632 2114 748 2224 fide,
763 2115 849 2230 jam
864 2113 964 2198 inde
989 2128 1096 2202 atot
1115 2115 1232 2204 curris
1254 2112 1307 2198 ad
1328 2111 1413 2200 hoc
1430 2113 1523 2230 ejus
1545 2141 1655 2228 opus

104 2254 223 2336 titisse
251 2253 546 2365 provocatum,
577 2258 809 2366 murosque
837 2251 882 2336 in
899 2250 980 2334 hoc
1010 2251 1235 2364 descriptos
1249 2253 1366 2336 ve'lu't
1394 2251 1656 2364 incorruptas

104 2389 204 2474 illius
224 2389 320 2475 aevi
339 2402 466 2477 testes
484 2389 539 2472 ad
559 2387 884 2478 confirmandam
914 2403 1055 2472 rerum
1076 2402 1308 2501 gestarum,
1334 2401 1656 2502 temporumque

103 2524 221 2610 fidem
237 2526 415 2612 adsidue
423 2527 706 2641 compelleres
734 2527 849 2642 ¹Ergo
868 2507 1052 2610 crun'hic
1063 2525 1325 2611 Mediobarhi
1344 2527 1551 2640 catalogus
1569 2540 1657 2610 tam

100 2663 178 2748 late
196 2663 381 2777 porrecti
396 2665 451 2751 sit
461 2665 587 2774 ¹usus,
618 2657 785 2753 et‘unus
802 2665 987 2756 maxime
1006 2665 1051 2749 in
1070 2663 1289 2751 consilium
1307 2664 1439 2749 soleat
1455 2663 1655 2770 adhiberi,

101 2830 283 2887 mearum
302 2803 353 2887 in
364 2818 581 2916 praesente
599 2802 787 2891 instituto
806 2805 985 2918 partium
1006 2832 1106 2888 sane
1125 2817 1208 2910 est,
1239 2802 1353 2916 quod
1369 2832 1511 2889 meum
1532 2802 1585 2887 sit
1601 2801 1655 2887 de

101 2938 285 3025 universo
301 2940 392 3024 hoc
415 2966 539 3055 opere
556 2941 771 3059 ¹judicium,
800 2944 924 3055 lengo
939 2942 1142 3027 ‘edoctum
1156 2972 1242 3025 usu
1260 2939 1435 3024 candide
1453 2938 1623 3052 aperire

179 3078 305 3187 Quod
327 3107 496 3167 necesse
516 3081 755 3193 cumprimis
777 3093 859 3189 est,
890 3107 987 3163 curn
1015 3077 1107 3192 quis
1129 3078 1287 3190 operis,
1314 3077 1570 3188 praeclaram
1595 3077 1649 3157 ab
1741 3154 1747 3167 ,

99 3210 180 3322 ipsa
207 3226 372 3323 aetate,
393 3230 439 3301 et
455 3214 641 3315 virorum
668 3216 966 3303 excellentium
991 3212 1142 3331 judicio
1161 3213 1401 3330 opinionem
1419 3211 1552 3321 nacti,
1581 3242 1651 3296 cm
1693 3202 1698 3213 ’

97 3347 202 3460 gitur
221 3352 392 3437 elevare
412 3354 721 3463 auctoritatem,
744 3354 902 3441 solicite
922 3378 1186 3439 commonere
1202 3352 1412 3460 lectorem,
1434 3363 1566 3465 atque
1586 3349 1651 3434 in-

98 3484 253 3595 dicare,
284 3489 392 3601 quid
414 3490 465 3575 de
482 3490 628 3577 eoviri
647 3493 717 3576 alii
735 3522 933 3608 magnum
952 3493 1005 3574 ab
1022 3491 1093 3573 illa
1113 3503 1202 3574 arte
1218 3518 1384 3595 nomen,
1412 3488 1652 3601 famamque

96 3626 224 3733 nacti,
250 3640 299 3709 et
320 3627 490 3741 quidem
507 3629 552 3715 in
576 3628 765 3715 hodierni
791 3632 883 3715 aevi
900 3630 1054 3713 artium
1074 3626 1262 3711 omnium
1282 3624 1534 3736 perfectione
1559 3654 1652 3707 seu·

91 3762 241 3869 serint,
273 3792 332 3847 ne
360 3764 395 3848 is
426 3767 537 3853 solus
562 3764 752 3854 videatur
779 3766 927 3881 agnitis
955 3765 1136 3871 dudum,
1166 3762 1443 3873 confessisque
1471 3760 1650 3845 auctoris

91 3896 292 3985 laudibus
316 3898 570 4012 obtrectare,
602 3904 714 3992 istud
740 3903 846 3989 mihi
868 3904 916 3987 in
944 3900 1168 4016 praesentis
1199 3898 1332 4013 operis'
1360 3893 1458 3982 crisi
1484 3909 1652 4012 propter

94 4036 305 4121 creditam
324 4038 397 4123 diri
416 4043 504 4158 ejus
521 4043 812 4157 praestantiam
832 4042 967 4149 anxie,
991 4050 1033 4126 'et
1051 4038 1241 4153 religiose
1262 4035 1494 4122 ornandum
1518 4036 1649 4126 video.

86 4172 142 4260 Et
159 4175 307 4289 reperi
324 4170 565 4281 ὁπερασπιςην
584 4182 742 4290 virum,
772 4184 891 4296 cujus
919 4208 1041 4265 nemo
1068 4180 1114 4262 in
1134 4204 1181 4261 re
1207 4174 1495 4261 numismatica
1511 4202 1647 4277 usum,

83 4326 127 4395 et
146 4316 474 4425 praestantiam,
504 4319 549 4403 in
564 4320 732 4404 ferendo
749 4320 902 4433 judicio
924 4314 1356 4428 circumspectionem,
1386 4324 1429 4397 et
1445 4308 1648 4421 insignem
1769 4303 1773 4308 ’

84 4449 320 4534 candorem
338 4452 468 4537 animi
494 4458 623 4571 possit
646 4456 690 4541 in
715 4457 893 4549 dubium
914 4481 1086 4562 vocare,
1115 4450 1355 4538 Bimardum
1371 4445 1651 4560 intelligeba-

79 4612 239 4673 ronem
262 4588 317 4672 de
334 4590 374 4672 la
393 4592 538 4682 Bastia.
569 4594 770 4684 Eruditus
788 4593 857 4677 hic
875 4620 1021 4678 censor
1042 4607 1313 4705 posteaquam
1338 4583 1489 4691 edixit,
1519 4574 1650 4671 Ocho·-

79 4722 144 4807 nis
175 4725 422 4841 catalogum
447 4749 616 4847 propter
640 4736 760 4843 vitia,
782 4760 888 4847 qliae
913 4741 1237 4837 commemorat,
1265 4725 1422 4829 nullam
1448 4724 1532 4842 jam
1547 4718 1652 4838 ,pro-
