4267 5500
362 3135 367 3142 -
454 3109 565 3152 rerum
580 3107 601 3150 a
617 3099 836 3170 regestorum
857 3091 1048 3152 memoriam
1064 3090 1204 3169 aliquod

461 602 529 681 ,05
1068 584 1392 660 uvuvsutts

394 832 398 835 ,
457 763 558 828 habet
583 760 722 825 eandem
748 755 950 839 cumprime
970 774 1133 829 aversam,
1167 766 1202 816 et
1258 754 1307 816 lio
1329 774 1429 816 araus
1447 752 1678 835 triumphalis,
1701 771 1805 834 supra
1827 770 1924 830 quem
1948 755 2006 815 iat·

456 864 597 929 eundem
618 864 663 927 J..
685 858 849 929 Vinicium
872 868 1051 920 auctorem.
1093 854 1201 917 Etiam
1253 867 1392 938 perator
1407 856 1444 917 ia
1458 857 1647 937 quadrigis,
1667 852 1748 916 irinc
1761 866 1798 917 et
1812 855 1913 915 illino
1927 856 2005 915 Par·

454 986 572 1027 numus
589 964 660 1039 tlt,
677 981 751 1024 nam
765 959 865 1022 habet
881 957 1020 1019 anticam
1035 955 1108 1019 fere
1126 976 1201 1019 ean·
1258 957 1338 1019 thus
1353 970 1464 1028 stans,
1483 956 1575 1037 infra
1592 977 1722 1018 arcum.-
1742 956 1784 1020 Ι..
1797 955 2005 1025 vttttcltu

455 1065 532 1130 dem
559 1082 633 1127 oum
657 1059 812 1125 secundo.
843 1059 956 1121 Etiam
981 1079 1098 1120 numus
1125 1059 1199 1135 IV.,
1258 1056 1328 1119 ΑΒ.
1347 1056 1497 1139 (Moreili
1514 1056 1548 1117 in
1565 1055 1710 1135 Vinicia,
1733 1060 1818 1119 Mus.
1835 1060 1951 1138 Caes.)
2052 1097 2058 1107 ·

454 1186 528 1231 uam
549 1166 620 1249 ejus
641 1183 753 1230 aversa
777 1159 894 1227 eadem
917 1173 968 1224 est
991 1180 1066 1223 eum
1086 1179 1201 1224 auersa
1321 1162 1450 1241 Typum
1472 1158 1613 1221 similem
1637 1159 1703 1241 jaan
1725 1157 1934 1224 vidimusatl
1956 1180 2007 1219 an·

453 1268 555 1333 tertii.
576 1265 674 1329 Ratio
688 1283 801 1348 prona.
822 1263 919 1324 Anno
934 1262 975 1329 V·
993 1252 1028 1325 C.
1045 1278 1108 1343 727
1126 1280 1201 1324 soe·
1256 1282 1334 1323 num
1351 1261 1391 1326 V.
1407 1260 1443 1322 C.
1463 1260 1538 1343 73⁶.
1568 1261 1661 1343 Ergo
1682 1259 1742 1323 hae
1761 1260 1876 1325 adhue
1897 1274 2006 1325 saure

454 1384 529 1455 ptae
545 1367 664 1430 muniri
680 1365 767 1445 vise3
784 1378 816 1427 at
827 1364 947 1427 arduus
961 1362 1015 1426 his
1029 1361 1199 1438 labor-est,
1257 1362 1402 1429 honores
1419 1361 1563 1425 Parthici
1584 1372 1818 1429 memorantur.

454 1486 491 1539 et
504 1482 644 1553 tempus,
660 1479 870 1551 sumptusque
885 1466 1036 1549 postulat,
1052 1476 1086 1527 et
1101 1483 1198 1547 saepe
1264 1488 1271 1496 ·

367 1594 371 1601 ’
454 1570 702 1649 intermittimus
726 1570 800 1633 -hoc
830 1567 960 1630 demum
990 1586 1073 1629 anno
1104 1565 1202 1628 statui
1294 1569 1297 1573 ’
1444 1550 1485 1612 V·
1505 1549 1540 1612 0·
1559 1548 1623 1632 731)
1642 1550 1751 1613 AX·
1773 1550 1822 1614 ¹5·

454 1687 566 1759 potest
588 1670 769 1747 absolutus,
799 1689 839 1733 as
859 1681 1034 1751 eapropter
1058 1667 1200 1751 positae,
1292 1666 1363 1733 ΤΒ.
1382 1670 1420 1731 'R
1438 1667 1536 1733 VIII.
1552 1668 1617 1734 IX.
1640 1669 1734 1731 COS·
1754 1669 1816 1734 ΧΙ.
1840 1665 1975 1734 PONT.

456 1795 494 1840 aa
510 1755 677 1838 dedicatae
696 1784 833 1849 statuae,
854 1774 932 1856 qsi'as
951 1782 1110 1832 memorat
1123 1770 1199 1845 Dio,
1241 1818 1246 1827 .
1538 1788 1641 1853 1Mp,
1657 1785 1723 1851 Ιχ,

424 1880 492 1941 ‘et
514 1885 702 1960 proponunt
725 1872 826 1937 numi.
855 1872 956 1934 Addit
981 1891 1056 1935 sane
1081 1869 1200 1934 eodem
1258 1905 1429 1971 Mla-„30
1455 1908 1568 1971 Druso
1589 1908 1733 1983 Libone,
1757 1906 1799 1973 L
1823 1907 2006 1991 Commio

453 1978 645 2043 locoetiam
660 1974 742 2037 Dio:
764 1975 913 2064 reliquae
929 1979 1003 2037 vius
1017 1976 1201 2057 posteriore
1528 2010 1652 2070 Pisone
1668 2028 1735 2074 cos·

453 2096 598 2163 tempore
621 2083 776 2162 reflatus.
804 2076 887 2138 Sunt
908 2089 1016 2137 temen
1036 2074 1134 2137 etiam
1155 2088 1202 2137 te·

456 2166 606 2245 stimonia
622 2178 797 2263 propiora.
823 2178 941 2252 Narrat
964 2174 1138 2239 Suetonius
1160 2178 1200 2257 a).
1320 2170 1437 2238 Adhuc
1462 2174 1497 2234 in
1518 2172 1638 2235 Galliis
1666 2174 1752 2258 agit,
1783 2175 1817 2235 in
1831 2196 1943 2260 anas,
1974 2191 2010 2239 nt

457 2284 534 2366 Quo
549 2292 662 2343 autem
675 2277 983 2363 facilius-undique
1000 2280 1080 2340 urbs
1096 2280 1202 2339 adire·
1258 2275 1355 2340 etiam
1371 2278 1405 2337 in
1421 2275 1627 2359 Hispaniam,
1654 2274 1800 2338 colonias
1823 2276 1928 2341 ducit.
1955 2278 2011 2339 Τί-

456 2394 527 2457 tur,
557 2381 728 2462 desumpta
752 2378 818 2440 sibi
844 2381 901 2441 oia
923 2380 1094 2442 Flaminia
1118 2378 1202 2441 Ari·
1256 2376 1390 2462 bertus,
1411 2390 1446 2441 et
1463 2379 1592 2440 Drusus
1613 2375 1732 2441 iratres
1750 2378 1899 2443 Rhaetos
1922 2400 2011 2444 eons-

455 2486 546 2546 miao
562 2492 658 2543 tenus
668 2462 846 2543 manierias
859 2478 1005 2559 reliquas
1020 2480 1202 2560 triumpha·
1258 2493 1407 2565 pessum.

456 2582 546 2647 ttius
572 2584 654 2645 uiris
677 2598 722 2642 aa·
746 2579 934 2648 manubiali
955 2584 1098 2663 pecunia
1120 2593 1202 2643 ster·
1323 2580 1548 2665 Gertoshnjus
1562 2581 1637 2643 anni
1649 2600 1767 2644 numos
1778 2602 1848 2648 non
1861 2587 2009 2670 reperio.

456 2684 582 2748 nendos
606 2681 788 2745 distribuit.
821 2678 920 2774 Quod
945 2680 1000 2744 hic
1026 2682 1200 2745 Suetonius
1770 2682 1773 2685 ’

454 2805 524 2847 non
542 2781 683 2848 indicato
703 2794 854 2866 tempore
870 2781 1000 2866 prodit,
1026 2784 1060 2845 id
1079 2785 1201 2849 iactum
1446 2769 1488 2832 V·
1508 2768 1542 2829 0·
1560 2774 1624 2852 74⁰
1642 2768 1690 2833 A·
1703 2769 1752 2832 Χ·
1772 2778 1821 2847 14·

454 2886 520 2950 Dio
545 2882 587 2949 ad
610 2903 727 2948 annum
754 2885 959 2968 superiorem
983 2883 1105 2948 refert:
1136 2890 1199 2965 iis,
1324 2885 1391 2950 ΤΕ.
1408 2887 1445 2952 Ρ.
1461 2883 1526 2952 ΙΧ.
1542 2887 1591 2953 X.
1613 2887 1708 2951 COS.
1726 2887 1794 2953 XI.
1813 2887 1952 2953 ΡΟΝΤ.

453 2991 514 3069 qui
539 2987 843 3068 triumphaverant,
875 2989 1066 3066 mandauit,
1100 3003 1139 3051 ut
1163 2993 1201 3052 irs
1535 3007 1637 3070 1Mp,
1657 3005 1722 3070 ῙΧ,
1830 3003 1834 3013 ’

905 3193 912 3206 ‚
1258 3124 1312 3191 M.
1321 3123 1454 3189 Licinio
1466 3126 1596 3203 Crasso,
1608 3125 1667 3192 Ca.
1679 3110 1777 3190 Corn.
1785 3124 1934 3190 lentulo
1944 3150 2010 3193 cos.

454 3197 700 3252 monumentum
715 3207 761 3252 es
775 3189 942 3252 manubiis
959 3202 1178 3252 exstruerent.

518 3287 650 3351 Literae
674 3286 837 3352 solitariae
860 3308 1033 3351 numerum
1055 3292 1081 3355 1.
1106 3303 1140 3353 et
1160 3291 1199 3351 11.
1319 3290 1435 3375 Pergit
1449 3309 1504 3355 res
1516 3290 1652 3370 Galliae,
1667 3293 1877 3371 Germaniae,
1890 3295 2011 3378 Hispa·

453 3401 549 3454 reste
578 3387 755 3470 explemur
782 3409 825 3452 ex
852 3390 948 3457 Livio
970 3387 1019 3472 Β).
1056 3389 1200 3456 Senatus
1256 3390 1331 3456 niae
1346 3396 1558 3475 componere.
1578 3393 1728 3457 Asandro
1743 3398 2011 3481 mortnoAgn'p-

456 3491 645 3554 coasultum
661 3490 797 3572 facturn
822 3501 888 3566 est,
916 3501 970 3566 ut,
996 3510 1078 3572 quos
1104 3493 1201 3556 ludos
1256 3514 1300 3576 pa
1322 3493 1447 3556 hellam
1475 3494 1510 3555 in
1535 3497 1768 3559 tumultuantes
1793 3499 2010 3581 Bosporanus

455 3597 544 3656 inter
562 3593 757 3656 seditionem
775 3592 956 3654 militarem
978 3595 1015 3654 ia
1033 3591 1200 3674 Hispania
1257 3606 1385 3669 motat,
1410 3615 1533 3679 eosque
1551 3598 1654 3662 victos
1669 3598 1847 3661 Polemoni
1865 3599 2010 3681 subjicit,

453 3696 613 3773 uouisset,
641 3713 686 3757 ea
709 3716 750 3757 ea
768 3696 925 3776 pecunia,
949 3701 1054 3773 auam'
1072 3696 1142 3775 ipso
1163 3696 1200 3756 ia
1258 3707 1293 3758 et
1304 3695 1466 3777 Dynamin
1480 3698 1622 3761 Asandri
1635 3697 1766 3764 viduam
1783 3720 1926 3764 uxorem
1941 3701 2009 3764 dat.

453 3797 624 3890 aerarium
651 3795 842 3872 detulisset,
862 3800 1006 3878 faceret.
1038 3791 1113 3886 Qus
1140 3793 1211 3856 mi·
1320 3798 1436 3881 Neque
1453 3798 1642 3880 hujnsranni
1657 3801 1749 3863 numi
1763 3807 2009 3880 exstanteerti.

454 3916 517 3960 nus
533 3894 651 3958 literae
669 3895 724 3971 IS,
754 3894 842 3979 qnod
861 3895 960 3980 aliqui
979 3896 1100 3980 opinati
1115 3909 1201 3976 sunt,
1285 3897 1288 3906 '
1517 3891 1524 3958 Ῐ
1767 3893 1774 3898 ’

453 3997 660 4062 LussuSao
678 4010 793 4059 notare
808 3997 949 4081 possint,
968 3997 1088 4076 obstat,
1112 3997 1198 4082 qnod
1442 3987 1484 4049 V·
1506 3984 1541 4048 0·
1556 3991 1617 4068 74¹
1637 3987 1687 4050 Α·
1702 3985 1748 4050 X·
1767 3985 1817 4053 ¹3·

455 4099 554 4184 posti
565 4097 733 4161 insumis
748 4097 845 4160 etiam
861 4099 981 4182 optime
1000 4099 1200 4167 conservatis
1259 4099 1331 4169 ΤΕ.
1350 4105 1386 4166 1².
1403 4102 1451 4168 X.
1464 4102 1532 4168 XI.
1551 4103 1646 4171 008.
1662 4107 1730 4173 XI.
1748 4105 1888 4173 Pollu.
1905 4109 2009 4172 IMP.

455 4211 613 4284 punctum
628 4219 694 4263 nou
710 4212 873 4284 appareat.
1485 4221 1552 4289 ῙΧ,
1568 4238 1602 4288 ep
1608 4227 1705 4308 som
1719 4224 1767 4291 X,

456 4299 746 4472 maumites
773 4302 814 4367 Β·
834 4297 953 4372 Vini‘ffi
982 4323 1100 4368 ΝΜ
1123 4321 1200 4371 ⁰⁰¹²·
1260 4338 1309 4404 rr.
1323 4321 1588 4419 aramum,
1603 4347 1639 4407 e.
1652 4343 2010 4428 auraruorarecos.

622 4506 730 4588 Caput
745 4505 901 4586 Augusti
917 4505 1054 4571 audam.
1154 4528 1159 4534 ·
1208 4519 1212 4524 ’
1318 4507 1457 4571 Romam
1477 4507 1665 4577 revertitur.
1701 4511 1846 4574 Moritur
1871 4515 1920 4578 tt
1941 4513 2014 4579 Le·

456 4607 490 4673 S.
500 4608 538 4672 P.
550 4604 641 4704 Q.1l.
651 4606 740 4670 tur.
751 4606 847 4670 ΘΑΕ.
865 4609 1060 4689 iassriptum
1078 4611 1202 4694 episty-
1223 4613 1229 4624 ’
1254 4606 1351 4693 piolus
1373 4610 1521 4695 pontifex
1544 4631 1649 4691 man,
1676 4625 1711 4677 et
1736 4613 1816 4679 olim
1840 4614 1940 4683 ulvis
1961 4617 2011 4683 R.

459 4745 2007 4783 mm

489 4813 524 4886 a)
543 4811 616 4889 cap.
630 4825 675 4880 30.
746 4815 783 4888 b)
802 4811 1073 4884 suavatas.
