4267 5500
1011 554 1025 687 ἰ
1040 568 1090 643 Μ.
1123 564 1387 642 LEPIDVS.

768 870 823 937 M.
857 860 1149 931 AEMILIVS
1189 852 1440 924 LEPIDVS
1480 850 1671 917 [tim.

473 1064 535 1124 .ln
562 1054 697 1123 dissidio
728 1051 826 1120 civili·
846 1060 957 1136 partes
984 1050 1010 1112 1.
1036 1008 1184 1108 cssssris
1215 1089 1228 1113 .
1542 1031 1691 1098 Numi:

431 1175 582 1241 secutus,
613 1161 658 1230 V.
680 1158 717 1221 C.
739 1156 806 1237 708
833 1151 922 1215 illius
951 1148 987 1209 iu
1014 1148 1185 1211 consulatu
1385 1137 1432 1201 ll.
1453 1134 1655 1205 LEPIDVS.
1676 1132 1810 1207 mvnt
1830 1134 1872 1205 R,
1891 1134 1933 1206 P,
1954 1134 1993 1202 c.
2121 1186 2123 1189 ,

430 1267 587 1350 conlega,
618 1280 704 1327 anuo
726 1268 887 1343 sequente
908 1250 1065 1335 magister
1094 1247 1185 1333 equi·
1388 1241 1498 1323 oopus
1514 1238 1635 1321 Lepidi
1653 1241 1788 1302 tandm.

432 1384 503 1435 tum
531 1378 658 1431 creatus
689 1376 755 1439 est,
796 1377 873 1421 mox
909 1346 1046 1418 vacuum
1080 1349 1183 1414 caede
1246 1346 1354 1428 Caput
1375 1343 1425 1403 M.
1444 1342 1609 1418 Antonii,
1631 1342 1685 1403 vel
1703 1342 1894 1406 Octaviani.
1915 1341 1990 1405 An.

436 1468 587 1535 Caesaris
617 1462 840 1548 pontificatum
872 1455 1046 1519 maximum
1078 1451 1185 1515 abstu·
1231 1429 1279 1507 'ln
1299 1442 1437 1507 aliorum
1457 1461 1584 1509 aversas
1614 1442 1714 1504 corii·
1732 1442 1856 1517 IIIvin'
1882 1462 1993 1505 mone·

431 1572 479 1635 lit.
527 1566 703 1630 Profectus
739 1564 773 1639 in
808 1558 1009 1644 provinciam
1043 1552 1184 1617 Galliam
1228 1540 1991 1631 1εαὶεέ,ι1ὶ1ιιπίιίἱιι..Ιᾼηιςιιε,Ιιίυἰιιθίιιεὶἰε·

431 1671 705 1743 Narbonensem,
748 1664 899 1726 fervente
938 1672 1007 1721 tum
1043 1654 1184 1732 maxime
1238 1635 1343 1732 gulos
1360 1658 1422 1710 etc.
1444 1645 1518 1712 AV.
1536 1646 1636 1727 (blus.
1654 1642 1764 1723 Caes.)

432 1774 525 1837 bello
563 1767 742 1833 Mutinensi
773 1766 809 1827 in
842 1760 947 1825 Gallis
985 1754 1185 1838 transalpina
1340 1751 1387 1813 bf.
1411 1748 1556 1810 LEPID.
1578 1743 1674 1809 COS.
1700 1742 1790 1807 th.
1821 1744 1991 1827 Copednns

432 1872 593 1957 tantisper
621 1869 785 1944 adhaesit,
816 1866 921 1950 jussus
949 1884 968 1927 s
995 1871 1110 1923 senatu
1136 1856 1184 1918 M.
1341 1849 1429 1925 culo,
1451 1848 1872 1933 asperginumrecespito,
1892 1868 1991 1928 apes.

431 1975 610 2039 Antonium
636 1971 726 2033 bello
753 1953 918 2053 perse-qui.
954 1965 1082 2033 Verum
1107 1978 1186 2023 cum
1242 1946 1699 2017 m.aetToN.008.1uP.
1721 1947 1993 2029 Lituuspmgst.

433 2077 512 2141 huic
542 2074 628 2159 spud
658 2072 815 2135 Mutinam
845 2069 952 2143 ricto,
988 2078 1022 2128 et
1047 2063 1083 2150 ip
1110 2059 1187 2121 Gal·
1243 2054 1406 2130 ticulum,
1421 2072 1558 2115 corcus.
1587 2051 1627 2110 Iu
1643 2047 1803 2125 denariis,
1826 2060 1861 2110 et
1878 2048 1995 2132 quina·

433 2182 512 2243 liam
534 2174 677 2261 profugo
695 2174 770 2238 sive
793 2168 947 2255 perfidia,
976 2166 1045 2229 sire
1073 2163 1186 2225 incon·
1242 2154 1312 2219 riis.
1333 2152 1487 2232 (Morelli
1506 2151 1540 2212 in
1555 2149 1632 2214 fam.
1650 2150 1770 2215 buton.
1788 2146 1915 2229 tabb.)
2121 2221 2122 2228 ἵ

434 2281 521 2347 sulco
552 2291 643 2341 metu
673 2270 823 2359 legiones
852 2292 925 2334 suas
953 2263 1184 2338 commisisset,
1306 2254 1497 2320 IllPerotor
1511 2254 1546 2313 iu
1560 2270 1660 2313 numo
1675 2253 1779 2314 sltero
1797 2250 1992 2315 inscribitur
2121 2277 2123 2336 ζ

432 2380 537 2445 bostis
559 2379 700 2462 primum
723 2397 742 2438 a
762 2386 876 2437 senatu
899 2369 1078 2454 judicatus,
1108 2382 1186 2426 mox
1242 2356 1406 2441 Lepidus,
1430 2354 1502 2441 qui,
1526 2365 1698 2438 antequam
1717 2351 1752 2413 id
1773 2372 1876 2436 genus
1897 2357 1992 2416 numi
2121 2373 2122 2388 ¹

436 2507 455 2547 a
481 2479 674 2546 coeuntibus
701 2477 736 2539 iu
765 2473 938 2540 amicitiam
958 2467 1120 2544 Antonio,
1151 2478 1186 2527 et
1241 2460 1439 2535 ferirentur,
1462 2455 1642 2539 imperator
1661 2456 1781 2518 iterum
1800 2454 1905 2517 dictus
1922 2456 1992 2537 jam

436 2583 617 2649 Octaviano
645 2581 681 2641 in
711 2578 877 2653 Illviratus
911 2572 1100 2637 societatem
1131 2566 1187 2632 sd·
1242 2560 1305 2623 fuit
1322 2574 1407 2623 teste
1426 2560 1499 2643 ipso
1516 2556 1677 2634 Cicerone
1693 2558 1739 2639 ¹),
1764 2556 1900 2627 echinis
1919 2560 1991 2640 epi.
2121 2580 2123 2584 >

434 2686 535 2751 scitus
553 2696 604 2748 est
621 2682 663 2750 V.
677 2680 713 2745 C.
730 2702 812 2763 711,
834 2676 926 2761 cujus
944 2672 1008 2737 line
1028 2671 1104 2735 anni
1119 2672 1186 2732 Ro·
1242 2661 1351 2739 stolis,
1367 2681 1449 2746 quae
1467 2672 1542 2722 sunt
1557 2659 1645 2723 iuter
1660 2656 1839 2721 familiares
1854 2658 1992 2723 Cicero·

435 2810 522 2882 mam
543 2787 711 2870 ingressus
737 2782 778 2846 de
805 2778 958 2863 Hispanis
984 2771 1184 2857 triumphum
1241 2765 1293 2828 nis
1313 2766 1354 2831 L.
1366 2765 1407 2826 X.
1424 2763 1476 2838 34.
1494 2765 1546 2826 35.
1571 2763 1692 2845 Neque
1710 2780 1793 2834 nero
1814 2761 1922 2824 solum
1942 2763 1994 2826 le·
2121 2796 2123 2805 =

434 2891 514 2976 egit.
546 2892 584 2950 In
613 2885 856 2972 provinciarum
880 2878 1050 2944 sortitione
1072 2887 1184 2938 nactus
1242 2867 1357 2950 giones
1373 2864 1433 2928 sub
1448 2885 1483 2926 se
1500 2855 1702 2940 habuit,'sed
1714 2862 1993 2947 bistrinmpbsvit

423 2989 642 3078 'Hispaniam,
681 2987 884 3069 Galliamque
920 2979 1184 3052 Narbonensem,
1242 2968 1358 3043 etiam,
1388 2968 1450 3030 etsi
1470 2986 1511 3028 ex
1534 2963 1992 3048 nullabellioalaude,p1·i.

434 3109 468 3158 et
491 3092 607 3157 consui
628 3090 749 3153 iterum
765 3090 807 3155 V.
824 3088 861 3150 C.
875 3103 954 3168 712,
985 3078 1128 3144 Antonio
1151 3091 1186 3142 et
1242 3091 1332 3152 mum
1347 3069 1388 3137 V·
1403 3069 1439 3130 C·
1454 3070 1518 3149 708
1535 3087 1577 3130 ex
1594 3061 1750 3152 Hispania
1768 3066 1925 3129 citeriore
1946 3066 1994 3128 ia·

301 3224 309 3252 :
436 3195 618 3260 Octaviano
642 3190 683 3252 sd
707 3187 868 3255 tt.13ruti
895 3184 1020 3248 bellum
1042 3179 1192 3266 egressis
1242 3171 1643 3246 sensimsensrm
1656 3166 1886 3244 nonhaberet
1899 3169 1990 3252 quod

327 4173 336 4188 ,
434 4107 560 4186 vincia,
587 4106 738 4171 Illvirstu
759 4112 874 4166 exutus
893 4097 935 4165 V.
955 4095 990 4158 C.
1008 4095 1073 4177 718
1095 4091 1183 4176 apud

434 3297 546 3358 ltaliae
579 3291 710 3354 interim
744 3287 924 3352 custodiam
956 3283 1079 3345 babuit.
1122 3281 1184 3344 Ce·
1241 3273 1275 3335 iu
1300 3271 1466 3355 triumpho
1495 3270 1636 3333 inferret
1659 3279 1793 3352 praeter
1820 3269 1990 3353 ademptas

434 3413 544 3461 terum
585 3405 723 3476 propter
762 3385 946 3452 socordiam
981 3381 1184 3465 contemptui
1240 3375 1338 3438 sociis
1353 3373 1509 3458 pecunias
1524 3370 1570 3456 b).
1592 3367 1794 3456 Triumphus
1810 3369 1900 3434 alter
1917 3371 1989 3435 eia

435 3497 565 3561 babitus
597 3493 637 3558 ab
665 3490 845 3557 Octsiisno
873 3507 935 3572 pro
960 3482 1087 3559 finilia,
1115 3479 1184 3570 fli-
1239 3490 1354 3540 senatu
1369 3477 1412 3542 V·
1428 3477 1536 3555 0.7ts
1556 3473 1701 3536 nondum
1716 3473 1834 3538 Illviro
1851 3473 1987 3540 ll.P.C.

436 3597 611 3685 spaniaqu'e
665 3571 804 3656 bienn'id'
855 3601 930 3674 post
979 3582 1181 3669 provinciam
1240 3578 1411 3653 decretus,
1445 3575 1535 3661 quod
1562 3573 1776 3639 reconciliato
1805 3594 1882 3638 cum
1914 3597 1987 3656 rep.

435 3703 582 3766 Africam
604 3696 731 3781 ancipit.
754 3691 887 3756 Accitus
910 3687 1030 3752 deiude
1052 3684 1093 3750 ad
1113 3683 1183 3748 bel·
1240 3680 1318 3743 Sex.
1336 3678 1496 3763 Pompeio
1520 3677 1708 3761 Hispaniam
1733 3676 1803 3740 aine
1825 3677 1986 3761 sanguine

434 3807 504 3870 lum
526 3825 601 3870 cum
623 3802 700 3866 Sex.
715 3794 875 3879 Pompeio
898 3789 1096 3876 gerendum,
1117 3787 1182 3850 hoc
1239 3781 1512 3864 recuperante).
1550 3783 1624 3862 lpse
1650 3778 1800 3863 pontifex
1826 3778 1987 3843 maximus

434 3909 509 3970 fuso
531 3905 708 3988 fugatoque
734 3919 809 3962 cum
835 3895 961 3958 animos
988 3888 1107 3954 stolide
1136 3880 1193 3950 ef·¹
1239 3883 1454 3945 iustrumenta
1476 3879 1671 3964 pontificalia
1697 3881 1732 3941 iu
1753 3901 1854 3944 numo
1880 3895 1989 3945 osten·

433 4011 558 4084 ferret,
591 4004 631 4069 ab
661 4001 841 4066 Octaviano
872 3992 1075 4079 legionibus,
1107 4011 1184 4075 pro-
1239 3999 1300 4064 tnt,
1321 3999 1357 4049 ut
1374 3983 1534 4047 Antonius
1550 4002 1655 4065 augur
1670 3982 1847 4064 auguralia.

437 4211 585 4295 Circeios
604 4207 761 4289 deinceps
780 4199 923 4284 privatus
942 4198 1039 4266 vitam
1055 4193 1183 4278 exegit,
1361 4169 1466 4235 Numi
1486 4169 1662 4231 &minatis
1677 4167 1858 4249 peregrini.

435 4328 582 4377 mortuus
610 4311 654 4380 V.
677 4310 713 4372 C.
734 4313 826 4390 741.
853 4299 940 4368 Vide
977 4298 1060 4359 haec
1096 4293 1182 4378 apud
1306 4291 1407 4368 Vrbis·
1421 4289 1548 4375 liberos
1566 4285 1716 4350 Graecos
1732 4283 1825 4348 numi
1845 4305 1923 4349 oum
1941 4307 1991 4351 ca-

307 4457 324 4488 „
434 4417 595 4492 Dionem,
629 4410 830 4497 Appianum,
863 4398 1050 4478 Velleium,
1087 4397 1184 4462 alios·
1238 4394 1308 4480 pite
1321 4389 1439 4475 Lepidi
1455 4402 1529 4452 sunt
1542 4387 1712 4452 rarissimi.
1728 4387 1896 4470 Antipolis
1908 4389 1989 4450 Nar·

437 4537 510 4601 que.
946 4541 949 4548 ·
996 4527 1002 4536 ·
1237 4494 1394 4561 bonensis
1406 4491 1572 4558 'babemus
1592 4483 1712 4568 unum,
1741 4509 1842 4574 quem
1863 4489 1988 4555 descri-

431 4655 1992 4722 W

475 4834 504 4902 s)
525 4826 632 4902 Phttip.
648 4821 726 4880 mu.
744 4842 769 4880 s.
782 4831 807 4882 n.
882 4821 917 4892 s)
937 4817 993 4876 ms
1008 4817 1041 4874 L.
1054 4813 1161 4874 xum.
1178 4814 1202 4886 t.
1215 4828 1240 4873 1.
1317 4811 1347 4882 s)
1370 4793 1432 4866 ess.
1447 4805 1616 4884 ruitum.
1649 4791 1660 4812 '
