4267 5500
1190 451 1197 494 l

438 600 490 717 qt
1051 610 1380 700 treverus.

443 804 520 851 unm
542 778 640 849 Genii
660 792 731 849 erat
753 778 873 849 tonost
897 778 1032 867 imperii
1045 780 1096 847 sui
1112 800 1190 846 con·
1246 782 1390 843 'cultrum
1416 781 1454 842 in
1471 781 1565 843 raon
1590 777 1741 858 jacentis·
1755 777 1914 861 jugulent
1942 778 1994 839 de
2107 844 2109 849 ,

397 920 399 929 ·
443 891 590 969 tulere.¹
1245 882 1364 946 ruistis.
1385 880 1459 949 AV.
1476 882 1576 960 (Mus.
1596 881 1730 962 (lues.)

428 1000 451 1075 j
581 984 734 1052 GENIO.
742 984 779 1049 P.
787 984 828 1047 ll.
847 983 956 1068 Caput
962 982 1112 1065 juvenile
1126 986 1188 1047 ins·
1384 982 1426 1045 1..
1446 979 1697 1073 AQVILLIVS.
1719 978 1913 1051 FLORVS.
1936 981 1996 1042 lll-

445 1086 449 1097 '
526 1114 528 1119 ·
584 1088 695 1161 derbe,
714 1088 816 1164 justa
832 1086 1061 1167 cornucopice.
1386 1085 1473 1151 VIR.
1492 1083 1772 1165 Cuputrnuliedre
1784 1084 1979 1168 galeatum.¹
2107 1081 2109 1086 ’

435 1186 595 1253 MARTI.
618 1185 801 1258 vntum.
833 1183 934 1251 Mors
951 1185 1129 1268 gradiens,
1151 1195 1190 1249 ut
1247 1185 1430 1250 CAESAR.
1472 1184 1578 1253 DIVI.
1617 1183 1657 1248 F.
1688 1182 1825 1245 Anum
1866 1184 1994 1249 cm.

441 1278 554 1375 supro.
576 1290 648 1354 ΑΒ.
776 1366 783 1373 „
1248 1291 1415 1351 Armenta
1427 1287 1608 1373 genuflexo
1617 1290 1783 1372 porrectis
1796 1286 1995 1369 simpliciter
2107 1289 2109 1362 ζ

440 1400 446 1411 ·
506 1394 752 1475 Huvercampns
782 1388 817 1453 in
844 1386 908 1453 hoc
936 1398 1032 1471 caput
1052 1382 1193 1472 Augusti
1250 1390 1412 1452 manibus.
1434 1389 1505 1455 Art.
1522 1391 1623 1471 (Mus.
1640 1386 1750 1469 Caes.)

441 1494 605 1579 agnoscit,
648 1493 705 1577 qni
740 1502 1044 1577 repraesentaretur
1080 1489 1191 1571 specie
1311 1491 1395 1554 Atti
1413 1491 1561 1566 similes,
1582 1493 1641 1553 sed
1658 1510 1733 1553 oum
1749 1492 1920 1552 mentiosus
1940 1491 1998 1551 Po·-

441 1594 543 1659 Genii
564 1595 603 1660 P.
622 1595 664 1659 R.
699 1596 743 1657 Et
765 1610 842 1656 sane
865 1592 1061 1654 lineamenta
1082 1583 1191 1653 omnia
1247 1596 1356 1655 tronir'
1372 1593 1561 1676 Turpiliani
1576 1592 1709 1655 tltutrt.

444 1698 629 1782 Augustum
648 1696 803 1780 produnt.
836 1692 944 1755 Simili
964 1690 1056 1756 uultu
1075 1690 1191 1769 Genii,
1311 1691 1437 1754 Tiberii
1462 1693 1496 1754 in
1526 1692 1714 1755 Armenium
1743 1692 1808 1755 hoc
1837 1712 1925 1757 anno
1949 1686 1998 1755 'ei

393 1848 399 1861 ,
443 1813 480 1863 et
509 1818 584 1863 cnm
617 1798 732 1863 eadem
764 1794 979 1879 inscriptione
1008 1791 1190 1861 videbimus
1248 1793 1341 1877 Syria
1373 1793 1413 1856 ab
1436 1794 1586 1879 Augusto
1614 1795 1705 1857 missi
1729 1791 1994 1878 expeditionem,

442 1899 542 1965 etiam
559 1898 705 1965 effictum
720 1900 754 1961 in
773 1898 880 1961 numia
898 1896 1044 1960 Galbam.
1247 1907 1283 1956 ut
1307 1896 1402 1978 pulso
1428 1896 1607 1961 Artavasda
1638 1918 1709 1960 eum
1736 1895 1832 1959 fratri
1858 1894 1996 1979 Tigrani

408 2027 412 2040 ¹
495 2065 501 2075 ,
567 1988 736 2068 ’8ΑΙΝ8.
766 1999 970 2064 GENERIS.
1001 1996 1188 2067 HVMANI.
1246 1996 1432 2076 adsereret,
1475 1996 1584 2061 obiter
1625 1997 1754 2081 attingit
1783 1997 1849 2059 Dio
1873 1998 1922 2079 ⁸),
1962 1998 1997 2059 et

581 2106 737 2166 Victoria
750 2103 851 2183 globo
868 2104 1035 2162 insistens.
1246 2098 1378 2162 Tacitus
1402 2097 1445 2181 b).
1475 2098 1593 2182 Aptius
1611 2098 1661 2191 ,ad
1689 2100 1749 2162 hos
1776 2120 1895 2164 numos
1917 2099 1997 2166 vet:

437 2202 582 2273 SIGNA.
598 2204 637 2268 P.
657 2204 698 2266 tt.
735 2204 861 2264 Eodem
881 2201 980 2284 signu
1002 2220 1078 2263 cum
1107 2213 1188 2279 arn,
1244 2191 1331 2263 leius
1347 2202 1392 2284 ⁶):
1409 2199 1562 2264 Tiberius
1576 2222 1651 2264 cunt
1667 2200 1856 2288 legionibus
1870 2205 1999 2284 ingres·-

440 2318 480 2366 ttt
494 2307 531 2367 in
540 2304 720 2385 prioribus.
743 2304 814 2367 AR.
1245 2323 1306 2366 sus
1320 2302 1519 2365 Armenium
1531 2304 1668 2364 redacto
1680 2323 1720 2366 eu
1737 2307 1775 2366 in
1789 2314 1996 2389 potestatem
2107 2383 2109 2390 Ι

492 2401 630 2466 ‘Eadem
645 2402 749 2467 antica
766 2403 800 2465 in
818 2394 917 2466 certia
930 2388 1071 2485 Augusti
1084 2402 1189 2466 numis
1246 2404 1285 2466 P.
1302 2402 1342 2467 tt.
1359 2422 1496 2484 regnum
1507 2403 1579 2481 eius
1592 2404 1783 2466 Artauasdi
1798 2404 1998 2487 (legendum
2107 2411 2109 2428 ²

438 2525 589 2577 aversam
615 2503 710 2582 iacit,
741 2517 776 2567 ut
794 2504 920 2587 patebit
941 2526 984 2568 ex
1005 2505 1112 2566 numis
1135 2527 1190 2568 an·
1252 2504 1411 2585 Yigront‘)
1448 2505 1558 2579 dedit,
1595 2516 1632 2566 et
1659 2503 1835 2567 Suetonius
1848 2500 1903 2586 ὅ),
1933 2505 1997 2569 etsi

373 2620 384 2627 ·
440 2607 477 2669 ni
499 2605 541 2675 V.
560 2606 596 2671 C.
619 2616 694 2687 qua.
748 2602 858 2697 Quare
890 2604 932 2671 da
959 2616 1063 2669 aetate
1092 2604 1188 2687 hujus
1246 2619 1375 2688 tempus
1410 2623 1477 2667 non
1501 2602 1615 2667 addat:
1648 2609 1771 2670 Parthi
1799 2626 1933 2686 suoque
1961 2605 1998 2670 et

437 2706 553 2783 numi,
590 2720 624 2770 et
653 2726 752 2772 sensu
778 2728 912 2774 aversae
946 2712 1059 2774 contra
1080 2706 1191 2772 Pelle·
1246 2706 1448 2770 Armenium
1474 2708 1663 2770 uindicanti
1678 2709 1792 2794 focile
1813 2720 1994 2771 cesserunt.

439 2809 561 2873 riuium
589 2807 730 2875 dubitari
759 2812 891 2896 nequit,
920 2823 970 2890 et,
1000 2823 1036 2873 ut
1056 2810 1186 2890 monui,
1307 2807 1483 2871 Rationem
1504 2820 1708 2873 certamuon
1728 2805 1911 2886 habemus,
1929 2829 1995 2892 qno

439 2912 617 2990 docemur,
668 2913 892 2996 Augustorum
930 2925 1054 2976 tutatae
1089 2909 1188 2976 utiam
1245 2907 1345 2973 inodo
1369 2909 1510 2996 Sphinx,
1535 2921 1630 2991 typus
1659 2909 1751 2972 numi
1774 2909 1891 2995 primi,
1920 2911 1997 2972 euni

439 3035 557 3078 numos
585 3013 707 3100 ubsque
738 3013 856 3078 horum
884 3029 939 3078 aut
970 3007 1094 3100 capite,
1133 3028 1188 3080 ant
1244 3011 1402 3074 Armenia
1420 3011 1651 3088 connectatur,
1683 3025 1841 3076 ettamen
1856 3033 1995 3076 numum

440 3115 640 3200 epigraphe,
678 3115 762 3182 etsi
783 3116 826 3180 ita
848 3117 941 3202 loqui
962 3117 1011 3180 ius
1033 3129 1100 3194 est,
1133 3139 1188 3181 an·
1243 3100 1331 3176 hunc
1340 3126 1457 3178 revera
1471 3110 1628 3190 existere,
1648 3112 1791 3177 dubitari
1805 3113 1859 3179 vix
1872 3128 1996 3198 potest,¹

438 3231 591 3280 tsnomoa
613 3218 754 3300 signatos
776 3217 887 3280 fuisse.
912 3220 1040 3281 Horum
1062 3218 1187 3282 similes
1244 3227 1319 3279 cum
1344 3215 1519 3278 Morellius
1539 3212 1648 3278 additu
1666 3213 1729 3276 lilii
1743 3227 1819 3277 nota
1842 3227 1995 3293 moneat,

441 3319 558 3402 plures
589 3315 736 3382 dabimus
762 3317 797 3379 in
825 3326 957 3384 moneta
978 3317 1120 3397 Galbae,
1151 3321 1186 3383 et
1243 3333 1320 3381 euna
1338 3314 1482 3380 existere
1501 3316 1536 3377 in
1551 3335 1667 3380 museo
1689 3316 1780 3400 regia
1797 3317 1995 3396 Galliarum,

372 3489 376 3494 ,
439 3419 584 3490 Vitellii.
1207 3443 1217 3452 ·
1243 3417 1308 3482 etsi
1337 3417 1459 3501 ambigi
1489 3419 1640 3493 nonnihil
1674 3419 1780 3502 possit
1810 3419 1852 3483 de
1884 3413 1996 3485 dumis

703 3547 723 3588 a
806 3500 830 3538 ⁴
911 3549 931 3588 ι
1242 3519 1329 3597 aliis,
1346 3540 1428 3605 quos
1444 3519 1505 3582 sibi
1521 3519 1677 3604 proponit
1694 3541 1770 3584 cnm
1789 3521 1995 3609 eudem'epi·

502 3623 692 3708 Sequuntur
709 3619 798 3682 numi
823 3634 937 3706 captas
960 3619 1080 3690 eodum
1105 3635 1186 3689 tem·
1243 3623 1372 3706 grapho·
1406 3622 1614 3685 sumnum
1638 3622 1805 3701 CAPTA,
1844 3639 1882 3688 et
1914 3641 1996 3710 typo

440 3719 523 3811 porc
540 3723 717 3788 Armeniae
735 3735 848 3792 testes.
1243 3722 1444 3806 capricorni,
1476 3723 1536 3786 sed
1560 3722 1647 3808 apud
1670 3745 1752 3810 qnos
1776 3727 1884 3789 musei
1901 3717 1996 3792 men·-

574 3824 822 3894 AVGVSTVS.
849 3827 957 3910 Caput
972 3829 1107 3891 nudum.
1155 3879 1159 3888 .
1242 3823 1366 3888 tionem
1397 3825 1532 3903 omittit,
1570 3845 1679 3911 neque
1710 3825 1776 3888 alio
1809 3847 1869 3891 eos
1896 3831 1993 3908 loco,

440 3925 655 3992 tumuisti.
671 3927 827 3994 CAPTA.
848 3927 988 4012 Sphinx.
1005 3929 1184 4016 (Moselli.)
1241 3940 1472 4012 praeterquam
1510 3925 1597 4011 apud
1636 3927 1825 4007 Goltzium,
1865 3941 1901 3993 et
1937 3935 1995 4017 qui

512 4025 516 4032 ’
543 4035 546 4042 ’
582 4029 710 4092 Eodem
728 4029 881 4092 aduerso.
1242 4044 1320 4094 eum
1357 4029 1581 4113 exscripsera,
1611 4039 1670 4093 me·
1697 4027 1814 4094 sidera
1843 4035 1995 4103 memini.

411 4207 412 4212 ἵ
438 4129 652 4198 nnmnmt.
683 4129 841 4199 etPrA.
874 4131 976 4194 Tiora
1004 4125 1186 4206 Armenia·
1243 4129 1412 4225 Quidquid
1430 4130 1511 4206 erit,
1540 4144 1716 4218 utrumqne
1738 4131 1861 4198 animal
1883 4137 1996 4220 poeti·

439 4257 490 4314 cu,
507 4235 605 4298 binos
618 4231 807 4316 pharetras,
822 4245 975 4300 eternus.
996 4233 1067 4300 Art.
1083 4235 1184 4317 (Mus.
1242 4245 1317 4297 cum
1339 4235 1488 4318 Augusto
1514 4233 1616 4297 fuisse
1642 4234 1677 4297 in
1697 4233 1827 4300 deliciis
1854 4253 1996 4320 constat,

436 4339 550 4418 Caes.)
1083 4362 1085 4366 ·
1242 4328 1480 4420 capricornum,
1495 4334 1585 4422 qnod
1596 4336 1650 4402 hic
1667 4338 1739 4419 ejus
1757 4353 1848 4404 esset
1860 4341 1997 4428 signum

578 4437 707 4501 Eodem
724 4439 873 4502 aduersu.
1135 4467 1142 4476 ·
1241 4437 1499 4522 genethliaoum,
1519 4437 1719 4524 Sphingem,
1738 4440 1905 4506 incertum
1923 4466 1995 4523 cur,

442 4539 656 4606 annuunt.
699 4535 855 4604 CAPTA.
903 4538 1056 4600 Victoria
1089 4547 1186 4603 stons
1241 4551 1274 4601 ut
1303 4539 1471 4605 tradidero
1498 4540 1644 4618 Plinius,
1680 4543 1878 4622 Suetonius,
1908 4547 1994 4624 Dio,

435 4714 1991 4758 'W

432 4781 718 4920 'allnbllbb
792 4839 1014 4918 b).bnttll.3·
1090 4837 1321 4918 nultum.
1395 4844 1431 4916 d)
1452 4843 1577 4921 (ἕτεραι.
