4267 5500
757 583 1137 660 fiscamnus,
1635 609 1709 678 ω.

166 775 253 820 nunc
276 755 326 818 bis
351 753 490 821 hristus
506 755 553 837 ἡ.
586 755 744 819 Atossam
770 773 913 819 commo·
970 755 1033 817 riis
1062 765 1134 816 arat
1152 751 1317 834 irretitus,
1357 758 1445 843 quod
1465 773 1641 847 utramque
1662 784 1716 828 ra·

165 855 209 922 de
237 857 381 944 explicat
410 857 577 941 cognitum
597 856 755 921 Hadriani
786 856 913 918 instita·
968 852 1036 916 fert
1066 855 1264 940 Spartianass
1305 859 1382 921 Fuit
1417 880 1499 946 crgo
1526 882 1588 947 per
1615 864 1717 929 inter·

165 975 255 1039 tum,
292 959 452 1048 siquidum
491 958 667 1024 definiente
697 955 913 1034 Ciceroncb)
969 955 1054 1022 valla
1074 955 1231 1041 padicus,
1269 953 1518 1046 ct‘impudicus.
1561 967 1605 1028 At
1625 966 1716 1029 anim
1788 1017 1793 1026 ,

160 1067 334 1148 patientia
352 1076 403 1126 est
419 1063 624 1141 honestatis,
661 1073 723 1124 aut
748 1061 914 1124 utilitatis
969 1057 1061 1122 numi
1089 1061 1360 1136 coaevivirtutas
1386 1077 1509 1128 tantam
1529 1065 1720 1152 principum

166 1183 271 1228 caasa
290 1183 400 1228 rerum
423 1165 624 1241 masuram,
658 1183 700 1224 ac
715 1162 910 1248 difficilium
968 1175 1169 1258 memorapt,
1187 1164 1305 1228 relicta
1325 1164 1485 1230 historias
1504 1181 1715 1249 postrorum

164 1267 376 1342 noluntaria,
399 1267 617 1328 aedicturna
628 1265 807 1350 perpassio.
969 1262 1094 1327 obitum
1128 1263 1309 1330 exarandus
1345 1267 1498 1332 vitiorim
1535 1270 1716 1338 manticam

315 1369 361 1430 Vs
376 1365 486 1430 litsB.
970 1365 1025 1429 Sic
1054 1366 1146 1428 nami
1175 1384 1306 1453 quoquc
1335 1368 1530 1455 frequenter
1555 1371 1717 1436 Hadriani

162 1467 487 1537 Pflovtnnuutn
504 1465 708 1544 DEORVM,
726 1469 760 1535 8.
776 1469 820 1533 0..
833 1468 913 1532 'Iot-
970 1467 1178 1534 clementiam
1198 1483 1353 1554 crepant,
1375 1469 1434 1536 sad
1452 1470 1611 1537 violentas
1631 1495 1719 1538 mor·
1771 1478 1776 1487 ’

158 1583 297 1654 perator
317 1583 454 1654 togatus
471 1572 788 1649 crassamento,
809 1593 837 1635 s.
858 1590 910 1634 oa·
967 1581 1018 1634 tes
1047 1568 1193 1634 tinorum
1217 1570 1394 1634 illustrium
1431 1591 1474 1636 ac
1504 1573 1570 1641 rita
1604 1574 1725 1642 iuncto

162 1673 275 1734 lusson
291 1673 427 1754 respicit
441 1673 591 1752 aquilam
603 1691 741 1754 superna
755 1671 912 1736 aduolan-
968 1671 1107 1754 collegit
1126 1670 1269 1734 historis—
1282 1671 1482 1760 incomptas

162 1784 248 1848 tem,
270 1785 304 1835 et
317 1774 497 1855 scipionem
518 1775 685 1857 unguibus
701 1774 914 1859 deserentem.
1113 1775 1159 1836 Vt
1173 1773 1227 1836 lit.
1244 1773 1294 1838 tt,

163 1875 235 1936 ΑΕ.
251 1875 274 1934 1.
288 1874 329 1938 11.
341 1875 438 1948 (Mus.
452 1875 568 1952 Caes.)
968 1871 1283 1960 nnsntrvaont
1294 1871 1437 1941 Olim&
1455 1875 1723 1948 naamam

208 1975 327 2039 Judicc
347 1975 498 2040 Tristano
514 1987 542 2060 ο)
562 1975 746 2040 Hadrianus
758 2015 763 2024 ·
775 1975 840 2042 hoe
865 1989 913 2060 ty·
970 1976 1005 2042 S.
1020 1976 1058 2042 C.
1075 1977 1264 2059 Imperator
1286 1989 1422 2059 togatus
1436 1990 1531 2042 stans
1543 1981 1716 2046 mulierem

164 2097 209 2162 pc
238 2099 328 2142 snam
353 2075 387 2140 iu
415 2099 553 2164 superos
581 2079 735 2163 pictatem
764 2089 912 2155 testatur,
966 2078 1252 2164 genuflectentem
1266 2080 1376 2159 capite
1389 2085 1536 2156 turrito,
1547 2093 1582 2142 et
1597 2102 1625 2143 s.
1641 2086 1717 2165 gio·

163 2179 317 2242 nimirum
341 2179 396 2265 qui
417 2201 483 2244 non
505 2179 770 2258 crederet,.scsa
792 2193 846 2244 rat
867 2179 913 2244 ia*
970 2176 1722 2262 taraconensemsuokoat.stt.1.(ttus.csesc

164 2296 218 2359 to,
256 2294 312 2344 aut
333 2281 458 2346 mefitis
480 2283 564 2361 suis,
596 2283 657 2346 sed
678 2283 815 2347 deornm
837 2303 914 2366 prn-
1013 2279 1120 2363 Supra
1141 2278 1176 2341 in
1196 2279 1303 2342 numia
1326 2281 1557 2366 geographicis
1586 2283 1715 2354 abunda

166 2383 329 2450 ridentiaa
359 2382 483 2448 debere
505 2383 697 2468 imperium,
733 2383 828 2469 quod·
847 2383 912 2468 ipsi
970 2380 1134 2457 vidimus,
1177 2394 1333 2464 qnantum
1370 2383 1548 2469 provinciis
1579 2387 1723 2470 singulis

165 2484 380 2550 statuentibus
410 2486 458 2551 sic
486 2487 547 2550 diis
568 2486 708 2550 traditur
729 2485 828 2550 misso
849 2507 912 2570 per
968 2482 1175 2548 benefecerit
1197 2481 1397 2563 Hadrianus,
1427 2485 1546 2572 quibus
1567 2487 1718 2552 omnibus

164 2588 305 2673 aquilam
331 2589 418 2654 lovis
446 2590 623 2652 ministram
645 2587 809 2673 scipione,
852 2609 913 2650 seu
969 2582 1003 2648 in
1030 2607 1132 2648 unum
1163 2587 1312 2651 collectis
1345 2587 1463 2674 dignus
1500 2603 1552 2654 ast
1579 2587 1723 2667 habitus,

166 2705 298 2777 sceptro
323 2689 456 2779 imperii
477 2689 617 2779 insigni,
651 2691 693 2753 in·
716 2710 811 2776 qaam
838 2710 911 2755 scm
969 2687 1025 2773 qui
1046 2707 1120 2751 una·
1141 2688 1274 2752 nomina
1296 2692 1473 2755 restitutos
1500 2692 1591 2757 orbis
1616 2705 1724 2756 ursa«

166 2808 350 2879 opportune
380 2795 456 2861 citat
483 2794 706 2872 Eustachium,
748 2814 789 2857 cr
819 2792 911 2872 cuins
969 2810 1042 2853 rum
1062 2787 1249 2855 diceretur«

165 2896 326 2962 sententia
348 2900 471 2980 aquila*
484 2902 586 2961 index
607 2909 658 2960 est
670 2896 911 2979 procidentiae,
1114 2894 1161 2955 Vt
1175 2894 1228 2956 lit.
1245 2890 1298 2958 H.-
1773 2979 1776 2983 A

147 2993 199 3060 'et
227 3003 365 3075 umoris,
399 3020 473 3079 quo
493 2991 646 3084 Iuppiter'
670 3000 707 3062 in
731 2997 912 3061 hamanum
968 2989 1451 3061 nomos-counimur
1470 2992 1635 3055 Romulus
1657 3013 1724 3077 po-

162 3120 271 3181 gcuus
276 3100 403 3183 fictur.
968 3096 1107 3159 iuda-tus
1118 3099 1277 3179 gradiens
1287 3097 1319 3159 d.
1332 3097 1481 3170 hastam,
1501 3107 1716 3177 sumpserim

312 3204 359 3265 Vt
379 3202 433 3268 lit.
452 3202 501 3267 A.
967 3216 1066 3282 super
1080 3196 1227 3265 humero.
1248 3196 1320 3262 tlt.
1336 3199 1437 3291 (Mus.
1453 3196 1562 3284 Cass.)

164 3302 309 3369 Pvmc.
329 3302 368 3369 Ρ.
391 3306 436 3369 Μ.
466 3304 535 3371 Til.
557 3300 599 3369 P.
618 3300 714 3369 COS.
737 3302 794 3366 11t4
837 3300 914 3365 Ma·
975 3348 979 3361 .
1009 3298 1189 3363 Romulum
1224 3299 1317 3365 urbis
1353 3298 1560 3365 conditorem
1597 3318 1725 3385 magno

165 3407 232 3469 lies
254 3406 368 3468 colato
388 3416 484 3469 stans
511 3408 652 3469 deutera
673 3408 766 3469 intra
789 3417 912 3467 vestem
968 3400 1097 3465 honora
1113 3400 1154 3464 ab
1166 3401 1334 3465 Hadriano
1352 3402 1454 3467 inisse
1475 3401 1640 3479 habitum,
1662 3400 1718 3467 vel

165 3508 293 3570 addita.
314 3504 612 3583 ammoneret.)
968 3502 1046 3566 inda
1069 3515 1174 3587 patct,
1196 3503 1284 3588 quod
1305 3504 1412 3581 diam,
1440 3524 1506 3586 qao
1529 3504 1724 3569 isRomam·

207 3606 368 3673 Pudicitia
394 3628 489 3671 rarus
516 3622 567 3673 ast
598 3622 694 3692 typus
734 3608 769 3669 in
806 3607 912 3670 numis
970 3603 1133 3680 condidit,
1169 3604 1382 3689 amplioribus
1424 3604 1631 3670 caerimoniis
1670 3628 1724 3669 aa«

167 3710 406 3795 Augustorum,
437 3723 468 3774 at
489 3709 646 3796 frequens
667 3710 701 3772 in
722 3710 829 3773 numia
851 3713 914 3771 Aa·
970 3726 1063 3770 mam
1084 3725 1175 3770 csso·
1189 3707 1321 3785 soluit,
1356 3718 1393 3770 at
1413 3706 1644 3790 conspeximus
1664 3730 1719 3772 su·

166 3824 344 3895 guttarum.
381 3810 576 3876 Pudicitiam
604 3811 753 3896 probarit
778 3810 914 3877 Hadria·
969 3828 1029 3894 pra
1044 3808 1087 3872 ad
1098 3830 1232 3872 numum
1245 3808 1386 3893 primam
1399 3808 1496 3892 hujus
1510 3808 1620 3875 seriei.
1640 3810 1718 3873 Fin-

167 3934 246 3991 nns,
265 3912 407 3998 'quando
425 3934 483 3979 cos
507 3914 547 3979 ab
571 3914 652 3979 aula·
668 3914 825 3992 removit,
855 3917 915 3997 qai
971 3912 1059 3997 gitur
1087 3912 1123 3974 in
1149 3932 1252 3977 numo
1278 3924 1453 3994 praesenta
1477 3912 1638 3977 Romulus
1660 3932 1719 3997 ge·

166 4016 258 4097 apud
273 4014 432 4079 Sabinam
453 4034 592 4080 uxorum
603 4017 822 4098 familiarius
842 4036 915 4099 ege·
971 4028 1059 4079 stans
1081 4014 1185 4097 spolia
1207 4012 1332 4100 opima,
1353 4034 1459 4100 caque
1479 4012 1718 4079 oblatus-asic·

165 4128 255 4191 saut,
271 4134 370 4197 onam
390 4120 578 4181 reverentia
591 4118 915 4198 domasaaiieaepo·
973 4116 1012 4183 vi·
1025 4117 1200 4190 Feretrio.
1234 4136 1318 4202 quaa
1338 4115 1464 4180 Arroni
1483 4115 1723 4181 ceninensium·

166 4218 335 4296 stulcius,
356 4216 607 4303 impudlchm,
639 4218 915 4307 quandoadolto·
970 4219 1045 4301 regi
1071 4218 1106 4281 iu
1133 4218 1203 4284 acio
1230 4238 1328 4284 caeso
1353 4217 1511 4297 detraxit,
1552 4231 1588 4283 at
1615 4220 1724 4304 vulgo

165 4340 240 4381 rum
266 4339 379 4384 amore
405 4328 500 4406 (quos
526 4320 615 4386 inter
639 4322 781 4407 primum
803 4320 914 4385 locum
970 4331 1094 4385 notum.

37 4498 38 4513 χ
165 4420 273 4525 tonuit
295 4420 471 4507 dutinch
506 4443 547 4485 ac
582 4438 760 4506 nuptarum
786 4425 915 4487 adulte·
974 4472 979 4484 .
1225 4470 1245 4506 „
1329 4418 1350 4459 ⁴
1432 4468 1458 4507 ‚-

40 4782 42 4825 3
203 4754 235 4825 a)
256 4751 541 4835 Spsoim.pug.101.
685 4754 720 4827 b)
742 4754 780 4814 dc
796 4756 907 4817 invent.
924 4756 957 4813 t.
972 4755 1010 4815 11.
1031 4774 1056 4813 r.
1072 4764 1116 4817 s-i.
1261 4756 1293 4825 c)
1312 4753 1479 4813 Commeat.
1493 4752 1563 4831 laist.
1589 4756 1676 4817 tum.
1692 4759 1727 4851 i..

166 4860 234 4919 pag.
247 4850 311 4907 5⁵8·

1371 4936 1511 5001 Sara
