4267 5500
748 584 1038 660 errones.
1598 611 1668 692 „9

143 778 196 844 qus
230 755 375 824 omnihus
386 744 399 786 ’·
410 753 527 820 ciliciis
559 751 644 816 fovit
665 752 705 836 ¹).
746 755 865 844 Neque
903 753 1077 840 'cepissen
1094 773 1162 818 nno
1183 715 1216 818 ἑ.
1237 756 1273 820 C.
1296 757 1513 842 congessisse.
1550 762 1670 827 Aeno·

141 861 202 937 tie,
227 879 297 922 cum
321 859 462 942 primum
488 855 660 939 imperium
682 858 865 940 auspicare-
921 856 1042 932 vimus,
1066 858 1193 922 Livium
1215 857 1254 922 ab
1278 878 1414 922 excessu
1436 863 1576 946 Augusti
1600 881 1669 930 non

139 975 234 1036 retur,
262 961 407 1044 ingratus
434 960 467 1020 in
493 959 597 1020 arium
621 957 742 1021 exstitit
765 958 865 1023 cottus
921 958 1020 1020 modo
1039 958 1158 1021 dictam
1181 959 1377 1044 Angustum,
1404 962 1464 1026 aed
1484 967 1581 1027 etism
1601 971 1669 1030 An.

141 1063 225 1125 tisis
249 1081 320 1124 eam
347 1060 479 1125 summis
502 1058 697 1136 honoribus,
727 1081 808 1144 quos
828 1058 863 1120 in
921 1059 1008 1142 gusti
1027 1059 1230 1122 sacerdotem
1258 1059 1295 1142 s).
1329 1065 1439 1145 'I'ypns
1464 1086 1597 1131 areunae
1626 1067 1668 1132 ad

140 1162 319 1247 explicandis
347 1161 455 1223 numis
481 1159 674 1224 recensebo.
717 1165 762 1222 Ar
789 1181 864 1223 ean·
920 1161 1020 1224 ritum
1041 1160 1136 1243 hujus
1165 1161 1338 1224 sacerdotii
1370 1165 1499 1228 videtur
1524 1167 1671 1249 pertine·

140 1265 204 1328 dem
222 1261 339 1340 serius,
374 1259 461 1344 quod
483 1261 523 1323 ab
545 1283 584 1324 ea
605 1262 778 1345 aliqnando
806 1260 864 1326 ob·
902 1281 978 1360 xre,
1008 1261 1068 1324 sed
1089 1263 1280 1328 Vaillantius
1297 1264 1443 1328 adsaern
1462 1268 1595 1329 Cereris
1612 1287 1669 1332 ro·

140 1369 321 1450 jurgemur,
352 1363 471 1426 taediis
498 1362 540 1429 nd
567 1376 719 1424 mortem.
734 1361 862 1445 adegit,
921 1374 981 1429 cst.
1027 1364 1072 1428 Vt
1094 1377 1221 1428 eertum
1245 1379 1295 1427 est
1316 1365 1354 1426 ab
1377 1367 1454 1450 ipsis
1477 1367 1527 1428 his
1549 1368 1667 1444 titulis,

141 1467 203 1531 dato
229 1468 342 1540 eiam,
359 1461 417 1526 'nt
445 1465 574 1548 qnidam
604 1477 734 1545 putant,
764 1483 863 1527 rene·
919 1485 1054 1528 numum
1080 1463 1167 1528 hunc
1194 1481 1268 1528 ante
1293 1467 1460 1550 Caligulae
1488 1470 1664 1552 imperinm

140 1591 176 1631 nn
188 1567 231 1650 b),
251 1588 331 1651 quae
350 1565 393 1628 ah
411 1566 559 1628 omnihus
578 1579 715 1648 propter
735 1565 862 1627 formae
922 1567 1045 1648 signari
1058 1587 1123 1627 non
1143 1567 1307 1649 potuisse,
1330 1568 1377 1631 sic
1395 1569 1489 1651 plane
1509 1571 1670 1634 verisimi-

141 1669 369 1745 ercellentiam,
412 1681 446 1730 et
476 1669 685 1750 conjunctum
714 1689 791 1731 raro
824 1687 866 1732 eu
922 1667 954 1730 le
969 1681 1037 1744 est,
1058 1668 1240 1750 imperante
1256 1669 1391 1732 Claudio
1409 1671 1517 1734 lucem
1533 1672 1671 1753 vidisse,

141 1783 229 1832 aetate
245 1770 400 1852 exemplo
417 1767 576 1852 pudorem
591 1770 864 1831 commonendae·
921 1769 1003 1830 Nam
1030 1782 1097 1831 tota
1129 1771 1209 1832 haee
1239 1793 1351 1836 ereran
1380 1774 1413 1833 in
1444 1773 1513 1854 ejus
1537 1793 1668 1859 qnoque

140 1871 203 1946 des,
228 1884 320 1953 utque
345 1891 494 1933 amorem
519 1871 697 1952 promerita
723 1884 788 1946 est,
816 1869 864 1932 sie
921 1872 1029 1932 nornis
1052 1873 1236 1952 reperitur,
1262 1886 1358 1955 utque
1375 1871 1402 1934 is
1419 1873 1540 1935 multus
1556 1873 1618 1939 tuit
1633 1878 1669 1938 in

141 1971 245 2036 uerat.
260 1973 422 2034 Maximus
439 1971 595 2034 adserere
612 1993 679 2034 non
699 1969 866 2034 dubitare·
921 1971 1124 2036 restituenda
1140 1975 1300 2056 majorum
1319 1973 1487 2040 memorie.

140 2074 189 2148 rit,
212 2094 278 2136 eam
297 2072 454 2136 lendibus
475 2070 603 2135 virilem
624 2072 764 2135 familiae
787 2093 864 2135 snae
1178 2119 1198 2157 „
1282 2075 1301 2112 ³¹
1386 2123 1413 2158 ,.

141 2173 296 2238 claritatem
313 2195 565 2258 supergressam
579 2180 621 2255 c).
639 2177 793 2237 Honores
808 2193 865 2256 po·
1063 2175 1189 2237 Eadem
1212 2175 1369 2252 adversa,
1401 2182 1438 2239 in
1465 2175 1546 2238 aliis
1571 2187 1672 2260 ceput

139 2289 259 2351 mos,
278 2295 367 2360 qnos
384 2274 419 2337 ei
434 2274 518 2337 titius
534 2274 687 2338 Claudius
705 2275 864 2352 decrerit,
933 2337 937 2361 ¹
1065 2276 1188 2352 absque
1203 2297 1325 2336 corone
1339 2279 1460 2356 spicea.

141 2377 274 2440 monuo
292 2377 517 2460 proferemus.
925 2374 1266 2440 consume,
1293 2375 1499 2442 AVGVSTI.
1543 2375 1673 2438 Mulier

191 2479 299 2544 Proles
307 2480 476 2544 continno
493 2477 657 2542 dedimuse
924 2488 1021 2540 stone
1031 2480 1064 2539 d.
1078 2477 1390 2560 oblongemsncem,
1400 2501 1431 2539 r.
1442 2481 1672 2562 cornucopiae.

924 2577 998 2648 AV.
1016 2577 1103 2642 Art..

981 2677 1063 2740 Com
1079 2678 1113 2740 in
1134 2678 1246 2762 priore
1263 2699 1362 2743 numo
1376 2678 1579 2755 uiderimus,
1604 2691 1673 2744 tne-

924 2778 981 2844 dea
992 2779 1033 2843 sd
1053 2778 1152 2842 ritum
1168 2781 1342 2873 sacerdotii
1358 2781 1498 2865 Augusti
1519 2780 1669 2845 reseren-

280 2882 734 2953 intromittemus
759 2883 868 2967 Caput
925 2880 1000 2956 dus,
1037 2878 1132 2944 teeds
1161 2882 1252 2943 numi
1284 2882 1465 2961 proesentis
1494 2882 1669 2947 simulacro

281 2990 466 3050 Antonine
482 2990 586 3067 spicis
603 2998 806 3047 coronatum.
924 2982 1089 3058 mulieris,
1124 2980 1210 3043 haud
1233 2980 1331 3044 dubie
1353 2982 1531 3059 Antoniae,
1560 2980 1669 3045 addita

143 3084 366 3151 SACERDOS.
392 3088 498 3154 Dtvt.
527 3086 732 3153 AVGVSTI.
768 3086 867 3147 Duae
923 3081 1014 3145 idem
1035 3080 1166 3149 videtur
1187 3081 1405 3145 sacerdotium
1425 3082 1581 3147 indicere.
1627 3084 1671 3145 At

143 3190 242 3251 tudae
257 3210 333 3253 enm
348 3190 497 3252 corollis.
519 3188 590 3255 AV.
606 3186 678 3251 AR.
924 3184 1020 3248 lsbor
1047 3197 1097 3246 est
1120 3184 1323 3267 epigraphen
1344 3203 1420 3246 cum
1438 3198 1515 3270 typo
1538 3203 1670 3267 compov
1751 3259 1756 3271 ,

192 3292 388 3377 Propositus·
404 3288 545 3352 Antonia
566 3287 672 3371 eapite
696 3284 794 3370 spicis
813 3304 868 3348 co·
923 3306 1018 3364 nere.
1062 3285 1307 3368 Haveresmpus
1321 3334 1324 3341 .
1338 3286 1549 3349 constantiam
1570 3288 1674 3351 Anto·

140 3406 238 3457 roosto
262 3395 369 3457 inetur
403 3390 550 3466 Cereris,
591 3410 656 3474 quo
686 3386 776 3452 cuitu
803 3383 867 3466 jaro
923 3386 997 3450 niae
1021 3383 1160 3449 indicari
1184 3401 1292 3469 putat„
1320 3391 1384 3471 qus
1409 3386 1464 3449 itta
1485 3386 1520 3447 in
1535 3400 1609 3451 toro
1624 3388 1673 3452 vi·

141 3494 259 3559 vidimus
282 3493 489 3579 propositam
515 3490 659 3567 Liviam,
688 3501 723 3551 et
744 3486 869 3550 videbi·
924 3486 991 3550 dno
1010 3488 1253 3571 perseveravit,
1281 3502 1314 3549 et
1337 3488 1436 3549 liliam
1456 3487 1609 3551 Lirillsm
1630 3488 1672 3550 ad

140 3616 200 3659 nus
235 3597 453 3681 Agrippinam
501 3592 675 3676 juniorem.
737 3587 868 3650 Dicitur
924 3602 1066 3652 mortem
1098 3587 1217 3671 adegit.
1274 3589 1398 3654 Verum
1423 3589 1451 3649 si
1484 3588 1565 3650 haec
1595 3608 1672 3651 eon-

141 3698 347 3773 AlGl'STA,
365 3710 403 3761 et
420 3694 662 3759 SACERDOS.
674 3692 777 3757 DIVI.
793 3688 868 3755 Av-
924 3688 1040 3753 stantia
1064 3687 1106 3751 nd
1135 3689 1308 3751 Antoniam
1340 3686 1504 3769 pertinet,
1543 3707 1603 3750 cnr
1632 3708 1670 3751 en

140 3796 270 3877 filati,
305 3820 393 3885 quos
421 3782 579 3859 honores
596 3796 767 3879 praeclare
792 3812 870 3854 con·
925 3791 1029 3854 virtus
1052 3788 1231 3853 secundum
1249 3787 1443 3871 epigraphes
1464 3806 1595 3849 sensnm
1616 3788 1672 3850 tri·
1705 3830 1710 3840 .

141 3900 230 3963 irnst
252 3900 338 3979 Itis,
372 3920 450 3965 cum
477 3912 587 3961 narret
604 3892 658 3978 ud),
694 3893 869 3957 Antoniam
925 3888 1037 3952 buitur
1060 3892 1233 3969 Augusto?
1263 3890 1344 3951 Nem
1368 3904 1436 3953 turn
1463 3886 1670 3952 scribendum

140 4004 296 4087 scaligeri·
306 4007 506 4085 Augustam
523 4012 558 4063 et
573 4000 778 4059 sacerdotem
795 3998 870 4057 An·
926 3992 1034 4053 inerat
1068 3987 1327 4065 AVGVSTAE,
1365 4010 1434 4054 non
1463 3990 1669 4058 AVGVSTI.

138 4110 217 4185 gusti
232 4106 351 4169 luctam
370 4120 553 4187 omnesque
568 4096 709 4167 Vestalis
727 4097 871 4159 honores
928 4088 1085 4164 Accedit,
1119 4090 1248 4152 obviam
1269 4088 1352 4155 hanc
1375 4112 1447 4155 esse
1470 4091 1671 4176 epigraphen

141 4206 323 4270 ritributos.
363 4204 486 4268 Refert
505 4205 602 4265 etium
625 4198 799 4263 Suetonius
824 4200 872 4278 e),
928 4191 963 4255 in
980 4189 1087 4253 numia
1104 4190 1163 4253 titii
1181 4188 1325 4269 Claudii,
1348 4212 1483 4277 eamque
1502 4192 1583 4255 odeo
1601 4192 1672 4276 ejus

140 4306 303 4393 &lignium
334 4306 373 4369 in
410 4304 585 4368 Antonium
624 4301 744 4375 anans,
781 4297 872 4382 quid·
928 4292 1037 4357 rideri
1065 4294 1248 4375 propriam,
1280 4308 1316 4355 ut
1336 4294 1519 4358 videbimus
1540 4294 1573 4355 in
1597 4296 1668 4373 ejus

140 4410 206 4489 quid
239 4430 386 4494 unquam
421 4407 514 4471 Liris
542 4408 691 4487 Angusta
707 4400 870 4463 honorum
927 4407 1069 4459 moneta.
1135 4394 1289 4457 Ceterum
1334 4396 1362 4457 si
1409 4394 1588 4478 epigraphe
1631 4396 1696 4493 ad⁵

422 2717 569 2785 Numi:

169 4718 197 4789 s)
214 4715 340 4777 suntin
357 4710 454 4791 Calig.
474 4724 554 4773 cto.
609 4707 647 4783 b)
666 4704 747 4765 Suet.
760 4703 792 4761 in
806 4702 902 4778 Calig.
917 4687 996 4767 ολδ.
1016 4696 1073 4757 Dio
1086 4694 1201 4758 nom.
1218 4698 1280 4769 §.zu
1336 4700 1367 4771 c)
1386 4694 1442 4756 l.c.
1500 4696 1534 4770 d)
1554 4696 1668 4757 L.LlX.

141 4802 194 4874 li
242 4801 537 4883 e)iqulig.c.15·
571 4792 924 4920 ς[)Ι>ἱο1ι.1ἇἸ.ς.ι16.

1308 4878 1391 4937 'Zs
