4267 5500
473 525 544 594 502
938 493 941 500 ’
1053 501 1425 580 HADMANVS.

476 699 559 767 quse
580 675 732 763 quonism
752 674 852 740 falsae
872 672 1008 770 lectioni
1025 673 1217 749 innituntur,
1260 673 1431 759 «Pupam,
1460 695 1501 760 sp
1518 697 1579 751 *ts
1595 676 1712 748 πολιως
1733 671 1829 761 Τυχῃ
1853 689 1919 740 seeo
1934 679 2025 740 καθι-

475 795 587 868 suapte
604 793 772 844 corruunt.
809 775 1004 846 Vsilleutius
1022 774 1121 860 legite
1147 778 1220 838 An·
1279 770 1561 861 ievperourinosou
1574 776 1661 840 κη’
1676 775 1782 857 ἄςιςου
1801 801 1851 840 uer
1865 795 2024 863 posone-

389 896 415 906 “
472 911 515 954 no
539 890 604 970 874
624 885 751 950 notulis
782 882 875 943 urbis
896 878 1022 964 populo
1049 878 1220 942 Circenses
1275 902 1369 942 seror
1393 883 1545 956 βασιλεως
1573 874 1737 960 Abozenos.
1778 881 1882 943 Forte
1909 894 2027 944 eutem

472 991 647 1055 concessit.
678 984 744 1047 Sed
757 979 900 1048 sdvertit
913 978 1101 1057 Bimsrrlus,
1123 977 1220 1041 ludos
1277 993 1349 1044 tum
1365 984 1528 1064 agebatur
1531 985 1677 1066 festum,
1688 983 1777 1062 quod
1789 983 1925 1046 Petilio
1943 983 2027 1045 olim
2106 1020 2107 1029 κ

471 1091 646 1156 Circenses
662 1085 745 1150 seeo
766 1083 867 1146 inisse
883 1083 1008 1146 Romae
1026 1082 1217 1166 imquentes
1275 1083 1468 1159 uocabatur,
1486 1103 1578 1144 nuno
1590 1094 1700 1145 eutem
1712 1085 1882 1161 Romano,
1901 1085 2023 1165 tempto

470 1207 507 1256 ut
525 1187 702 1258 verisimile
716 1207 782 1248 nou
799 1183 965 1261 videatur,
986 1183 1130 1250 voluisse
1150 1203 1220 1246 mo·
1278 1186 1444 1248 Fortunae
1454 1185 1548 1246 urbis
1559 1185 1712 1246 dedicato
1722 1187 1764 1246 ab
1778 1189 1921 1267 optione,
1937 1198 1972 1246 et
1982 1185 2024 1247 tt-

468 1293 613 1358 ueturios
641 1291 718 1353 facti
744 1285 900 1350 ordinarii
927 1286 1120 1350 memoriam
1150 1305 1219 1348 mo·
1275 1286 1660 1348 tororumemerrtissimo
1671 1287 1872 1367 imperatore
1881 1287 2024 1349 Hadria·
2106 1296 2108 1348 l

469 1399 513 1459 do
538 1387 796 1458 extraordinario
821 1387 855 1448 in
884 1389 990 1450 nuruis
1018 1389 1217 1454 conservari.
1276 1407 1329 1450 no.
1351 1384 1426 1478 Quo
1441 1384 1629 1450 testimonio
1642 1385 1818 1464 docemur,
1832 1386 1874 1451 nb
1887 1388 2022 1451 Hadria·
2106 1450 2108 1453 .

467 1495 681 1568 Harduiuus,
725 1511 799 1555 cum
825 1510 920 1574 quo,
964 1503 1000 1552 ut
1023 1489 1218 1574 plerumque
1275 1508 1320 1550 no
1337 1501 1490 1550 statutum
1502 1488 1660 1570 templum
1676 1491 1840 1552 Fortunae
1858 1490 1970 1564 urbis,
1986 1513 2021 1553 sc
2106 1538 2107 1543 η

469 1594 679 1686 elius,sentit
695 1591 866 1668 tubertus,
882 1591 933 1654 sic
944 1590 1146 1676 epigraphen
1163 1613 1218 1655 ex·
1275 1603 1344 1652 tum
1360 1589 1480 1652 iestum
1489 1591 1610 1653 Puriliu
1630 1590 1716 1653 bsud
1737 1591 1836 1653 dubie
1851 1593 2023 1677 novisqui·
2106 1677 2108 1684 Ι

467 1697 586 1783 plicet:
622 1695 733 1756 ANNo
759 1693 1034 1756 ncchxxttu.
1077 1693 1219 1755 Nsl'l'oli
1274 1690 1410 1754 busdam
1427 1691 1564 1768 ritibus,
1586 1705 1701 1776 atque,
1724 1706 1759 1754 ut
1770 1694 1862 1755 numi
1875 1695 1912 1758 hi
1927 1693 2020 1758 doce·
2106 1690 2108 1697 ’

354 1821 361 1840 ·
467 1800 592 1866 Vttssts
618 1797 746 1858 Plebeir'
784 1777 968 1858 Clllcensei
1001 1795 1217 1859 constituet.
1275 1815 1313 1856 re
1327 1793 1498 1871 videntur,
1519 1792 1605 1854 ludis
1625 1793 1833 1857 Circensibus
1846 1797 1949 1860 fuisse
1970 1819 2020 1860 ce-
2106 1824 2108 1885 3

467 1903 565 1963 Hunc
582 1897 713 1961 modum
729 1911 920 1981 aspernatur
936 1897 1123 1973 Bimnrdus,
1140 1915 1218 1979 quo·
1276 1895 1450 1959 lebratum.
1466 1897 1558 1958 Haec
1572 1895 1717 1958 Bimardi
1732 1894 1895 1961 sententis
1913 1900 2019 1961 sinon

470 2005 557 2066 niem
576 2000 667 2062 nullo
680 1999 800 2062 idonee
819 1999 1031 2063 fundamento
1043 1999 1168 2073 nititur,
1180 2017 1217 2060 ac
1275 2000 1372 2082 plene
1386 2010 1496 2074 certe,
1522 2010 1631 2061 tomen
1647 1998 1868 2082 praeferenda
1886 2002 2019 2086 reliquis

467 2103 658 2189 praecipue,
676 2101 826 2186 quonism
835 2101 1010 2165 Circenses
1025 2121 1129 2185 neque
1149 2099 1218 2182 ple·
1275 2099 1417 2164 videtur.
1459 2099 1504 2160 Aa
1532 2099 1620 2162 enim
1651 2100 1692 2162 lis
1720 2099 1850 2164 durabit
1880 2122 2018 2186 semper,

466 2206 547 2282 beii,
559 2225 594 2268 nc
604 2216 742 2280 senatus,
763 2217 796 2267 et
807 2202 1101 2288 equestrisordinis
1110 2201 1217 2265 luere.
1275 2200 1384 2264 donec
1409 2199 1451 2263 de
1478 2221 1558 2266 vera
1588 2201 1690 2286 siglae
1712 2204 1750 2268 P.
1772 2203 2019 2288 significatione,

468 2308 631 2371 Reiutstis
662 2325 744 2387 ergo
775 2305 893 2367 borum
926 2305 1096 2367 sententiis
1127 2298 1217 2366 susm
1275 2322 1358 2388 quae
1379 2301 1469 2368 varie
1492 2303 1621 2387 expleri
1647 2317 1782 2388 potest,
1813 2307 1918 2391 magis
1939 2309 2020 2370 certi
2106 2338 2108 2393 !

467 2408 580 2494 pr'odit
601 2404 771 2490 legendos
806 2407 916 2468 Anno
940 2406 1217 2470 DCCCLXlllll‘l.

468 2508 612 2572 Nll'l'oli
624 2508 746 2574 VRBis
755 2506 904 2568 Primum
922 2506 1218 2570 CerensesCON·

469 2613 596 2674 stituti.
638 2609 760 2670 Censet
775 2606 894 2690 igitur,
928 2608 1093 2672 Hadriano
1116 2609 1219 2692 impe·

467 2723 562 2777 rente
587 2709 627 2775 sd
645 2707 877 2773 celebrandum
893 2711 1033 2775 natalem
1054 2711 1145 2775 urbis
1159 2731 1218 2775 no·

467 2838 523 2892 va,
555 2826 589 2877 et
611 2812 767 2877 hacteuus
790 2812 916 2876 insuete
938 2812 1039 2877 luisse
1064 2813 1218 2878 constitu·

467 2934 510 2983 tn.
541 2918 672 2983 Revera
689 2915 855 2980 nemiuem
871 2928 1040 2979 unctorum
1054 2920 1216 2993 veterum,
1245 2948 1251 2964 ι

468 3022 576 3105 ipsum
613 3038 721 3104 neque
752 3017 931 3095 Ovidium,
974 3038 1047 3081 cum
1076 3019 1217 3083 natalem

468 3124 558 3187 hunc
579 3121 613 3183 in
635 3121 724 3184 iustis
747 3134 924 3195 memorat,
966 3122 1217 3184 constitutorum

469 3226 567 3308 hujus
588 3243 683 3286 cause
705 3218 955 3299 sacrificiorum,
990 3238 1044 3285 uut
1062 3223 1217 3286 ludorum

469 3324 669 3389 meminisse.
716 3324 928 3385 Constituisse
954 3324 1054 3408 igitur
1081 3324 1217 3389 lIatlria·

465 3448 562 3505 num,
580 3424 633 3489 cui
652 3422 822 3508 indignum
838 3424 941 3489 visum
960 3440 1024 3505 est,
1042 3426 1130 3503 diem
1147 3427 1217 3490 uni·

465 3549 566 3593 serso
590 3526 715 3612 populo
740 3528 891 3590 llomsno
916 3528 1128 3591 sacerrimum
1145 3531 1217 3591 nul·

464 3632 507 3694 lis
531 3629 751 3716 peculiaribus
786 3629 995 3693 caerimoniis
1018 3630 1218 3694 condecore·

1274 2405 1408 2470 erimus.
1441 2405 1606 2468 Eruditus
1636 2404 1817 2488 Foggiuius
1843 2403 2018 2493 legendum
2106 2406 2108 2437 ¹

1275 2520 1389 2570 censet
1405 2508 1552 2585 Publici,
1574 2507 1743 2584 nimirum,
1765 2495 1888 2594 iuquit,
1910 2527 1947 2573 ut
1964 2533 2019 2572 nu·

1274 2629 1347 2671 mus
1373 2606 1513 2686 iudicet,
1534 2606 1637 2674 fuisse
1658 2609 1723 2693 jam
1745 2611 1842 2673 etiam
1864 2628 1957 2676 autea
1977 2635 2017 2676 co
2106 2648 2108 2653 ·

1275 2711 1371 2775 dieu
1392 2721 1491 2796 gente
1514 2710 1599 2775 Julis
1620 2711 1753 2797 privatis
1771 2713 1952 2799 sumptibus
1967 2736 2018 2780 ee·

1273 2813 1420 2878 lebrutos
1439 2811 1535 2876 ludos
1557 2812 1747 2892 Circenses,
1778 2817 1930 2901 quoniam
1949 2840 2018 2881 uar-

1274 2930 1366 2981 ruute
1397 2916 1505 2978 Dione
1540 2912 1580 2998 1ὓ)
1615 2914 1722 3001 pridie
1753 2918 1911 2981 Petilium
1941 2942 2018 2982 nun·

1274 3021 1344 3082 cius
1366 3018 1407 3082 sle
1438 3016 1532 3081 victis
1554 3040 1573 3081 a
1594 3019 1619 3083 I.
1643 3020 1783 3082 Caesare
1812 3020 1847 3082 iu
1867 3022 2016 3104 Hispania

1274 3120 1426 3204 Pompeji
1437 3120 1551 3182 liberis
1568 3119 1603 3180 iu
1613 3120 1731 3183 urbem
1749 3136 1801 3185 est
1818 3112 1961 3206 perlatus
1976 3126 2002 3169 ὃ

1275 3222 1344 3285 Sed
1365 3222 1555 3285 statuendus
1578 3224 1709 3287 tandem
1731 3224 1931 3307 conjecturis
1950 3246 1979 3286 m
2106 3263 2108 3282 .

1274 3325 1352 3387 slus)

1318 3394 1483 3513 iusignia,
1521 3448 1604 3514 quae
1631 3428 1752 3492 mulier
1780 3428 1875 3492 humi
1901 3429 2015 3494 sedens

1273 3552 1371 3593 manu
1394 3531 1643 3613 complectitur,
1666 3531 1797 3595 Circum
1819 3533 1925 3616 ipsum
1933 3537 1952 3607 ,¹
1968 3531 2016 3593 lu-

1273 3632 1398 3717 dosque
1431 3645 1544 3695 notant
1570 3646 1723 3717 unquam
1755 3648 1867 3720 partes
1906 3647 2013 3709 totum,

466 3733 513 3810 ri,
538 3747 573 3796 ut
587 3732 657 3794 ludi
678 3731 852 3795 Circenses
868 3732 944 3814 ejus
964 3753 1058 3797 cauas
1079 3753 1217 3818 perege·
1272 3736 1427 3797 nimirum
1447 3746 1520 3811 reta
1540 3738 1691 3813 currum,
1711 3748 1781 3799 tres
1803 3736 1956 3810 obelisci,
1977 3738 2016 3798 si·

466 3848 596 3901 rentur.
625 3837 718 3897 Hunc
734 3832 929 3895 seutentiam
948 3854 1014 3897 nou
1032 3856 1146 3918 parum
1168 3836 1216 3920 ju·
1272 3857 1313 3901 ve
1336 3837 1412 3899 coni
1433 3834 1583 3914 Circum,
1604 3840 1744 3922 quorum
1762 3838 1852 3901 terni
1869 3838 2015 3923 coujunc-

465 3951 520 4003 vnt
542 3936 730 4000 Atbenseus
755 3936 805 4013 ⁸),
828 3934 903 4017 qui,
944 3955 1019 3997 curn
1040 3952 1215 4016 narrasset,
1271 3936 1471 4023 tiutrinque
1493 3938 1618 4022 spinam
1638 3938 1815 4017 finiebant,
1857 3953 1893 4003 et
1912 3955 2013 4004 metae
2106 3913 2107 3938 l

467 4061 533 4123 quo
552 4053 702 4123 tempore
723 4038 847 4098 Romae
861 4056 936 4099 cum
959 4036 1214 4124 dipnosopbistis
1271 4062 1367 4103 usum
1387 4039 1612 4124 percolebant,
1646 4040 1734 4105 circs
1766 4062 1864 4125 quum
1885 4042 2014 4107 ssecteu-
2106 4041 2107 4044 ’

456 4142 535 4204 suis
572 4138 818 4215 convivabatur,
860 4151 999 4220 repente
1027 4142 1214 4207 exauditum
1272 4140 1332 4205 dus
1354 4140 1583 4226 quadrigorum
1610 4161 1736 4207 cursus.
1775 4145 1895 4209 Nurrst
1924 4148 2013 4208 Joan·
2106 4223 2107 4232 χ

467 4243 643 4319 tibiarum,
679 4254 713 4305 et
738 4238 987 4323 cymbalorum,
1025 4256 1060 4305 et
1087 4258 1215 4307 cautan-
1270 4264 1330 4307 nes
1350 4242 1461 4327 Lydus
1485 4240 1534 4323 d)‚
1565 4242 1628 4305 hos
1653 4244 1818 4309 circorum
1844 4246 2012 4324 obeliscos,
2106 4331 2107 4336 ἵ

464 4346 548 4408 tium
563 4343 745 4429 strepitum,
759 4340 865 4405 ssltlits
886 4339 994 4426 ἔτυχεν
1014 4338 1215 4425 δοοόσαὲορ-
1271 4366 1353 4429 quos
1390 4346 1449 4408 ille
1484 4364 1659 4428 perperam
1694 4346 1882 4431 pyramides
1916 4364 2012 4424 vocat,

465 4470 536 4525 ep,
553 4469 595 4509 re
619 4441 764 4527 Παριλια
794 4468 848 4528 μεν
874 4448 1057 4527 καλουμενα,
1109 4470 1153 4507 rus
1178 4442 1215 4509 is
1269 4446 1371 4512 fuisse
1396 4468 1507 4511 sacros
1527 4447 1679 4525 Nemesi,
1706 4448 1831 4527 credo,
1862 4470 1906 4515 ne
1927 4473 2013 4515 sevo·
2106 4509 2107 4538 ,

435 4660 533 4760 ..⁸)
553 4656 585 4713 L.
604 4656 684 4716 Vlll.
703 4676 735 4734 p.
755 4669 793 4715 m·
813 4658 877 4721 561.
920 4627 1266 4731 'mumulus
1340 4659 1692 4736 measnvuriipss.
1768 4660 2011 4747 &liogannes
2106 4605 2108 4633 ⁸

467 4762 648 4821 suproocm.
