4267 5500
522 585 526 598 ¹
670 583 1160 690 enarrarre
1308 549 1316 565 ’
1409 561 1415 575 ’
1636 594 1706 659 mr

122 757 264 865 ialsos,
294 770 376 846 aut
399 759 513 848 male
532 755 757 874 descriptos
778 763 1079 878 promulgavit,
1107 779 1151 851 at
1169 766 1361 854 Goltzius
1386 767 1498 858 mala
1522 768 1606 858 fide
1627 788 1702 862 aut

131 925 282 988 ninnos
310 908 454 1005 totos,
496 898 735 987 autevarias
761 913 925 986 eorum'
941 902 1158 1013 peristases
1191 904 1416 1015 coniinnit,
1456 910 1567 1022 quod
1601 911 1701 997 alibi

132 1069 158 1124 a
175 1067 246 1126 me
263 1035 424 1122 invicte
445 1034 773 1124 demonstratum
791 1036 881 1124 suia
911 1040 1068 1151 Quam
1087 1068 1211 1128 cama
1229 1041 1336 1131 illud
1357 1073 1457 1132 sane
1480 1062 1544 1134 est
1565 1053 1699 1138 multo

134 1173 498 1280 molestissimum,
527 1171 640 1288 quod
660 1186 837 1288 uterque
863 1202 957 1260 rara
986 1178 1153 1262 fortuna
1173 1179 1568 1291 amplissimamsibi
1587 1188 1698 1300 apud

132 1313 328 1428 aequales
363 1321 635 1424 posterosque
657 1310 783 1398 fidem
816 1298 1101 1427 comparavit,
1140 1344 1268 1429 quam
1300 1317 1451 1408 deinde
1481 1322 1696 1434 inolitam,

131 1453 492 1563 inveteratamque
525 1447 558 1533 si
590 1448 683 1562 qttis
712 1449 923 1540 cordatus
934 1452 1167 1542 convellere
1190 1454 1329 1566 cupit,
1356 1469 1476 1545 tanto
1504 1459 1598 1572 plus
1624 1493 1697 1549 ex-
1735 1456 1739 1466 ’

134 1588 319 1704 periatur
340 1586 622 1695 difficultatis,
652 1603 806 1702 quanto
829 1589 898 1674 illa
922 1588 1087 1676 altiores
1107 1590 1296 1678 durando
1317 1591 1478 1682 radices
1501 1599 1594 1714 egit
1620 1599 1700 1688 Ve-

136 1728 299 1814 rissime
317 1711 423 1813 adeo
437 1724 595 1812 dictum
615 1725 739 1816 Dioni
748 1727 1043 1838 Chrysostom'o
1063 1718 1118 1834 ⁸:)
1151 1743 1333 1838 cumque
1351 1755 1423 1814 res
1438 1735 1496 1816 eit
1509 1727 1702 1844 dffor'lir

138 1863 307 1964 docere,
336 1877 452 1954 ιαιιιο
469 1875 536 1942 eet
551 1849 767 1968 dffoilior
787 1861 1008 1966 dedocere,
1031 1865 1268 1973 praecipue
1287 1890 1385 1944 enm
1404 1875 1479 1978 qui
1497 1896 1556 1956 ee
1572 1873 1699 1984 longo

134 2021 330 2113 tempore
349 2001 580 2096 mendacia
600 1995 867 2106 indiderunt,
886 2028 1027 2114 neque
1047 2004 1187 2087 solum
1206 2003 1375 2114 decepti
1387 2021 1490 2086 eunt
1508 2007 1602 2118 ipsi,
1621 2015 1704 2097 sed

129 2161 287 2256 patres
305 2169 471 2254 quoqne
489 2169 655 2246 eorum,
687 2145 841 2256 αυίᾳιιε
851 2204 863 2247 ,
895 2159 939 2226 et
951 2171 1097 2252 poene
1115 2141 1302 2247 majores
1321 2155 1481 2232 omnes

165 2293 282 2448 ΗΑι
299 2301 421 2372 erunt
444 2284 729 2396 hauddubie,
757 2285 829 2400 qui
853 2287 933 2371 sibi
950 2287 1282 2401 persuadebunt,
1309 2283 1417 2372 haec
1438 2289 1702 2378 Mediobarhi
1735 2357 1740 2364 ,

133 2427 339 2515 vernam
369 2423 557 2538 penitus,
586 2439 659 2510 aut
689 2454 839 2540 magna
861 2426 926 2512 sui
948 2437 1070 2568 parte
1095 2426 1255 2514 sublata
1279 2426 1440 2512 irrisae
1427 2455 1474 2514 ιιι
1492 2441 1701 2542 postrema
1773 2433 1778 2444 ’
1860 2466 1866 2474 ’

140 2568 235 2682 ejus
260 2563 463 2670 editione,
493 2589 601 2677 quae
624 2563 885 2650 irecribitur:

224 2697 539 2811 Imperatorum
567 2683 860 2785 Rornanorum
892 2701 1156 2785 numismate
1186 2713 1263 2785 ete.
1294 2725 1323 2785 e
1347 2695 1505 2784 Freno.
1528 2699 1700 2785 Medeo-

317 2830 450 2922 harto
465 2836 634 2951 Baego
656 2841 892 2945 illustrante,
929 2870 1046 2925 nnnc
1073 2868 1175 2924 vem
1193 2834 1250 2924 ab
1276 2844 1515 2925 maumetis
1534 2842 1702 2925 mendis
1739 2947 1749 2963 .

317 2994 577 3090 expurgata,
620 2974 906 3065 additionibus
932 3008 1067 3093 neque
1095 2978 1180 3063 lane
1207 2980 1482 3086 desideretis,
1514 2985 1699 3064 criticis·

313 3148 402 3233 qne
434 3113 803 3207 observationibus
829 3137 1037 3205 ceorneta
1072 3120 1255 3202 curante
1275 3118 1473 3232 Philippo
1492 3118 1699 3231 Argelate

318 3258 595 3345 Bononiensi
625 3257 877 3345 Mediolani
898 3256 1216 3345 MDCCXXX.
1230 3248 1318 3368 fol.

137 3398 334 3489 Mearum
366 3405 545 3520 partium
570 3418 634 3491 est
666 3406 898 3521 inquirere,
938 3418 1144 3521 qnantum
1177 3418 1272 3519 post
1303 3400 1440 3515 ampla
1473 3400 1582 3487 haee·
1605 3398 1700 3515 pro·

134 3540 262 3625 missa
286 3542 327 3626 ei
351 3543 467 3657 operi
486 3542 776 3653 castimoniae,
806 3562 849 3633 et
871 3545 1058 3659 puritatis
1085 3544 1313 3629 accesserit.
1342 3539 1406 3625 Ad
1433 3568 1526 3624 eam
1548 3536 1698 3652 procu'·
1809 3630 1816 3641 ⁴

132 3678 311 3763 rendam
334 3709 483 3795 parum
507 3708 657 3795 operae
674 3682 881 3797 studiique
902 3682 1029 3767 fuisse
1054 3684 1274 3787 collatum,
1304 3690 1550 3794 argumento
1580 3692 1699 3784 esto,

133 3818 249 3929 quod
274 3819 424 3905 eadem
451 3819 555 3904 haec
585 3820 707 3929 vitia,
737 3849 843 3935 quae
872 3821 1010 3935 paullo
1035 3848 1159 3935 supra
1184 3834 1385 3932 tanquam
1417 3818 1613 3931 exiguam
1635 3830 1700 3901 to-
1797 3821 1802 3831 ’

133 3958 220 4040 tius
251 3971 415 4071 partem
448 3984 503 4041 ex
533 3958 806 4043 Mediobarbo
835 3959 1030 4068 recitavi,
1072 3963 1246 4116 ejusque
1284 3969 1382 4043 sunt
1412 3950 1609 4064 naturae,
1651 3966 1701 4040 ut

132 4108 285 4207 suapte
311 4095 357 4182 in
381 4095 515 4181 seduli
547 4097 728 4182 censoris
758 4097 934 4183 oculos
922 4111 1157 4205 incurrant,
1193 4095 1240 4180 in
1270 4122 1379 4204 nova
1403 4094 1483 4179 hac
1517 4093 1699 4179 editione

135 4258 309 4344 prorsus
332 4233 488 4319 intacta
516 4262 802 4348 permansere,
830 4250 872 4322 et
893 4250 1006 4322 totus
1030 4234 1101 4320 ille
1128 4260 1352 4319 numorum
1376 4260 1499 4347 grex,
1533 4232 1605 4345 qui
1622 4245 1697 4317 aut

136 4384 284 4485 aperte
304 4367 398 4455 falsi
421 4384 540 4480 sunt,
569 4386 643 4459 ant
667 4372 758 4491 jure
779 4375 981 4487 suspecti,
1004 4399 1185 4487 quorum
1205 4370 1323 4484 copia
1346 4360 1570 4484 praecipue
1591 4368 1698 4451 Tra-

136 4510 226 4621 iani
253 4510 477 4624 imperium
504 4504 751 4620 maculavit,
781 4541 898 4596 suam
934 4510 1071 4595 adhuc
1103 4510 1322 4597 stationem
1352 4520 1551 4621 occupat,
1581 4506 1694 4592 nulla

138 4646 303 4763 adjecta
324 4648 703 4759 animadversione,
733 4678 839 4773 quae
860 4650 912 4735 de
935 4678 1079 4736 eorum
1104 4648 1187 4734 fide
1208 4646 1398 4731 dubitare
1426 4646 1590 4763 jubeat,
1620 4660 1694 4733 aut
1716 4761 1719 4770 Ι

178 4834 207 4903 ιζι
230 4834 316 4893 Orat.
332 4832 383 4893 Xl.
402 4854 434 4915 p.
450 4848 509 4900 ιιι.
