4267 5500
459 569 533 640 ana
1071 549 1384 625 TRAIANVS.
1672 627 1683 640 ,

463 729 593 803 liunus,
620 723 890 809 quemadmodum
905 723 1079 806 leinnus,
1097 723 1210 787 etAs·
1263 734 1316 786 ter
1338 721 1405 784 boc
1423 686 1557 783 ordinet
1589 717 1802 786 retracto.
1822 717 2004 786 OPTIMO.

464 829 578 894 Honos
595 825 747 892 vidimus.
772 829 897 896 Verum
919 823 975 890 ubi
996 823 1144 908 gentiam
1168 824 1211 886 si·
1264 821 1368 892 AVG.
1383 823 1499 908 Neque
1513 820 1548 882 in
1561 820 1668 884 nantis
1685 821 1732 884 sic
1746 821 1914 907 inscriptio
1925 845 2006 889 com·

462 943 516 994 tae
552 926 695 1004 inerint,
737 928 902 993 reticente
938 927 1074 1014 patriam
1109 945 1209 990 numo
1264 936 1382 1011 parcnt
1403 922 1541 1007 amplios
1562 936 1675 988 vetera
1694 923 1888 988 consulatus·
1901 925 1944 995 Ἴ.
1964 949 2008 990 er·

464 1031 664 1118 ignoramus.
708 1027 745 1092 Si
776 1028 864 1093 bunc
899 1049 1034 1092 numum
1067 1028 1210 1112 pertine·
1265 1039 1422 1111 gumauta
1437 1022 1667 1102 historiea,nt:
1689 1026 1867 1090 Alimenta
1878 1029 2008 1101 Italiae,

462 1153 501 1197 re
527 1131 569 1195 ad
590 1129 802 1196 Aurelianum
825 1129 960 1193 dixisset
981 1129 1023 1194 cl.
1038 1129 1212 1192 Piulterto·
1266 1130 1372 1210 Aeua
1394 1127 1561 1207 liujuno,
1577 1125 1716 1189 Arabio
1733 1128 1929 1208 adquisita,
1949 1133 2009 1194 Vn

463 1256 543 1312 nus,
573 1247 685 1318 posset
713 1231 852 1296 sortasse
874 1231 1039 1316 permitti,
1068 1245 1101 1295 at
1121 1224 1211 1316 quod
1271 1231 1424 1307 trajana.
1524 1221 1536 1226 ”

462 1333 552 1398 idem
569 1331 716 1398 laudatos
738 1353 836 1415 snpra
854 1353 971 1398 nomos
990 1352 1064 1397 cum
1083 1333 1211 1416 epigra-
1308 1329 1420 1393 Tertia
1437 1325 1479 1392 ad
1496 1329 1625 1412 prlores
1640 1328 1752 1392 titulos
1771 1328 1864 1392 addit
1878 1330 2011 1395 vocabu·

462 1436 529 1518 phe
553 1434 694 1498 attotam
716 1432 857 1516 leinni
881 1436 1084 1510 Pannonici,
1112 1431 1212 1499 Nort'·
1264 1433 1335 1496 lam
1357 1429 1604 1506 Panrch,
1628 1431 1678 1492 sic
1702 1445 1835 1515 etpost
1860 1433 2011 1496 vocabula

463 1541 509 1612 ct',
529 1548 563 1598 ct
582 1535 767 1598 Delmatici
781 1531 822 1596 ed
839 1533 979 1598 eundem
996 1533 1209 1597 Aurelianum
1269 1532 1467 1596 rumano
1482 1531 1668 1596 OPTIMO.
1681 1531 1784 1600 ΔΥΕ.
1799 1533 1908 1596 GER.
1920 1535 2012 1595 ΠΛΟ.

463 1636 570 1700 reiart
584 1645 627 1714 ¹),
652 1633 737 1698 istud
759 1633 927 1701 enimvero
948 1633 1143 1700 incredibile
1166 1635 1210 1700 ti·
1268 1635 1419 1720 proxime
1441 1634 1597 1718 jungatur
1616 1631 1754 1698 verbnm
1771 1633 2011 1709 caerulco,

465 1737 591 1802 dentur.
1268 1736 1333 1800 nisi
1350 1756 1424 1800 cum
1440 1736 1475 1796 in
1491 1756 1640 1800 aversam
1654 1732 1827 1815 trajicitur.

1310 1839 1364 1900 Ex
1386 1835 1538 1900 adcureta
1561 1835 1622 1898 bac
1649 1832 2011 1919 descriptione'eaapte

563 1986 726 2053 ANIM
734 1989 771 2052 A
780 1989 815 2052 D
826 1989 900 2053 ΥΕ
908 1987 938 2051 R
949 1987 1042 2052 SIO
1085 1989 1110 2050 Ι
1269 1939 1408 2024 patescit
1444 1937 1581 2022 triplicia
1616 1935 1751 2000 rationis
1787 1935 2011 2021 inscriptiones

778 2057 781 2064 ·
1106 2034 1115 2053 ⁸
1269 2043 1314 2104 ita
1347 2039 1411 2105 cibi
1441 2038 1653 2114 succeasiase,
1684 2050 1722 2100 nt
1751 2058 1816 2100 una
1844 2037 1889 2100 ab
1922 2040 2011 2102 altera

465 2163 530 2223 qtae
548 2144 726 2226 probetur,
755 2145 893 2206 titulum
917 2143 1101 2208 OPTIMO
1124 2161 1212 2204 anno
1269 2141 1372 2207 fuerit
1386 2153 1528 2205 extrusa.
1558 2142 1641 2203 Nam
1659 2160 1702 2203 ex
1721 2157 1788 2222 quo
1807 2141 2011 2204 secundare

465 2247 594 2308 demunt
613 2247 656 2308 V.
672 2244 707 2309 C.
728 2243 790 2324 867
800 2247 915 2330 fuisse
934 2263 1107 2307 numerum
1125 2245 1214 2306 untt'·
1270 2244 1317 2308 tio
1341 2242 1496 2317 invaluit,
1539 2241 1631 2323 cujus
1664 2252 1805 2304 aetatem
1837 2263 1920 2304 mox
1950 2265 2012 2326 pro

714 2365 773 2408 ene
790 2349 964 2410 intertum.
1270 2345 1346 2430 pius
1362 2343 1566 2421 definiente,
1579 2343 1673 2425 prior
1687 2343 1722 2402 in
1739 2362 1802 2404 usu
1820 2361 1900 2404 esse
1918 2341 2012 2415 desiit,

1272 2460 1307 2510 et
1333 2466 1408 2510 cum
1435 2443 1540 2508 semel
1566 2442 1762 2506 vocabulum
1789 2443 2011 2506 Panrfflco
2093 2498 2094 2525 ,

509 2551 594 2610 Trea
610 2560 684 2610 sunt
699 2545 807 2612 variae
822 2544 976 2620 rationes,
992 2545 1108 2630 qm'bua
1123 2546 1215 2612 numi
1272 2547 1423 2611 adbiberi
1450 2557 1605 2629 coeptum
1632 2557 1700 2621 est,
1727 2541 1811 2606 illud
1833 2559 2012 2610 constanter

468 2647 599 2732 Traiani
616 2647 650 2710 in
666 2647 836 2710 consulatu
850 2647 926 2723 VL,
952 2645 1007 2730 qui
1028 2648 1061 2708 in
1086 2659 1213 2709 sextum
1271 2650 1307 2711 in
1339 2648 1447 2711 numia
1476 2659 1642 2710 retentum
1669 2646 1744 2712 tuit.
1789 2647 1879 2711 Sane
1917 2648 2012 2720 numi,

466 2768 584 2814 annum
601 2746 799 2835 porrigitur,
822 2745 941 2833 signati
957 2748 1192 2817 inscribuntur.
1272 2772 1354 2837 quoa
1381 2749 1468 2813 baad
1497 2748 1597 2813 dubie
1626 2760 1754 2813 constet
1781 2739 1899 2832 piimis
1926 2752 2011 2832 bujns

507 2852 619 2917 Prima
641 2851 741 2917 offert
762 2850 1007 2935 inscriptionem
1024 2852 1156 2936 capitia,
1180 2864 1215 2915 et
1270 2851 1421 2916 sexennii
1458 2852 1550 2913 annia
1579 2850 1680 2913 fuisse
1708 2850 1877 2933 signatos,
1917 2851 2010 2915 verbo

466 2956 607 3041 partiam
630 2974 818 3020 aversarum
844 2951 1001 3031 eandem,
1030 2974 1113 3039 quae
1140 2953 1215 3016 bac·
1271 2952 1446 3017 OPTIMO
1467 2952 1502 3015 in
1523 2951 1629 3016 antica
1649 2951 1829 3029 abstinent,
1858 2952 1944 3015 illud
1967 2974 2012 3015 re·

466 3070 563 3121 tenue
588 3056 622 3119 in
640 3055 746 3119 numia
767 3057 952 3119 consulatue
967 3058 1009 3123 V.
1024 3054 1142 3131 valuit,
1167 3052 1215 3115 nl·
1271 3055 1396 3140 cipiunt
1413 3054 1457 3132 ii,
1481 3075 1563 3140 quos
1590 3068 1718 3139 tempua
1746 3053 1894 3120 medium
1916 3054 2011 3129 cudit,

373 3231 377 3237 ¹
467 3160 606 3223 mirdane
636 3159 724 3221 tttP.
751 3156 960 3223 TRAIANO.
985 3156 1089 3222 IVG.
1113 3155 1213 3220 GEli.
1271 3170 1306 3221 et
1342 3157 1376 3217 in
1411 3156 1519 3219 numia
1553 3156 1661 3219 ultioni
1693 3156 1828 3222 triennii
1863 3149 2011 3222 adhaeret

421 3244 426 3253 ’
466 3261 569 3324 DAC.
599 3272 663 3321 cte.
693 3258 728 3317 iu
758 3257 830 3324 AV.
857 3272 891 3321 et
917 3259 987 3321 alt
1015 3257 1088 3321 val:
1122 3258 1212 3323 IMP.
1269 3258 1464 3323 vocabulum
1484 3256 1721 3322 PARTHICO.
1765 3259 1919 3344 Egregie
1944 3278 2009 3322 cun

470 3358 593 3425 CAES.
629 3358 825 3435 NERVAE.
863 3356 1073 3423 TRAIANO.
1109 3358 1213 3425 AVG.
1269 3359 1377 3423 nomia
1414 3357 1602 3442 conspirant
1636 3380 1817 3439 mmmore,
1859 3381 2011 3447 quaecun-

469 3460 571 3524 Gen.
592 3456 693 3524 nbc.
716 3472 779 3524 etc.
804 3459 838 3521 in
860 3460 948 3538 AE.,
981 3472 1015 3523 ct
1039 3458 1075 3520 ia
1100 3480 1216 3525 aversa
1271 3482 1337 3547 que
1361 3475 1437 3525 aunt
1458 3458 1658 3525 indubitatae
1685 3462 1785 3541 iidei,
1820 3484 1905 3549 quae
1930 3475 2010 3527 tanto

469 3562 550 3627 item
563 3581 640 3626 raro
653 3562 812 3625 omittitur
825 3560 984 3626 formulae
1005 3561 1040 3625 S.
1056 3562 1095 3627 P.
1114 3561 1155 3656 Q.
1172 3564 1215 3630 R.
1271 3563 1375 3649 magis
1394 3576 1602 3648 praesentem
1619 3562 1873 3647 disputationem
1894 3561 2009 3647 jurant,
2090 3613 2091 3638 ,

470 3662 660 3730 OPTIMO.
685 3664 884 3729 PRINCIPI.
923 3666 1091 3750 typorum
1119 3663 1218 3728 etiam
1275 3676 1397 3751 quante
1418 3662 1606 3749 diligentins
1628 3665 1704 3727 trib.
1720 3666 1890 3750 potestatis
1909 3686 2012 3728 nume·
2090 3647 2091 3716 l

471 3780 661 3850 argumenta
684 3764 879 3850 plerumque
907 3780 981 3829 sunt
1008 3764 1141 3843 eedem,
1170 3765 1217 3829 sic
1273 3787 1349 3831 rum
1366 3764 1507 3846 addunt,
1530 3786 1594 3853 quo
1613 3769 1746 3849 Traiani
1762 3769 1855 3834 numi
1878 3771 2012 3852 pteron·
2090 3753 2092 3820 l

470 3882 508 3931 ut
539 3868 627 3931 inter
652 3867 821 3953 utriusque
850 3866 983 3951 generis
1016 3888 1134 3930 numos
1162 3868 1217 3932 tir
1274 3889 1339 3952 qua
1356 3867 1530 3933 ohannen.
1605 3888 1611 3895 ·

470 3969 559 4034 alind
573 3968 748 4032 discrimen
762 3968 968 4045 observetur,
980 3968 1043 4031 nisi
1055 3970 1144 4055 quod
1155 3988 1217 4052 pro
1314 3970 1376 4033 Ilia
1403 3967 1586 4033 conatitutis
1613 3969 1847 4055 inquirendum
1876 3984 2011 4055 tempus,
2089 4033 2090 4054 χ

473 4071 568 4136 COS.
588 4072 629 4139 V.
646 4072 776 4154 legator
791 4069 887 4135 COS.
902 4070 958 4137 Vt.
1275 4093 1341 4157 que
1366 4070 1524 4154 Traianus
1547 4070 1743 4135 vocabulum
1769 4074 1941 4137 OPTIMO
1965 4094 2011 4134 rc-

514 4170 667 4239 Secunda
697 4192 738 4235 eo
767 4193 786 4234 a
816 4170 932 4255 priore
962 4168 1091 4249 differt,
1129 4168 1216 4255 quod
1268 4172 1373 4258 liquit
1394 4171 1498 4236 titulis
1518 4172 1709 4237 adscribere
1737 4176 1858 4260 coepit.
1891 4178 1926 4239 ln
1950 4172 2011 4257 epi·

471 4274 647 4340 formulam
663 4271 848 4339 OPTIMO.
863 4272 1051 4337 PRINCIPI
1070 4274 1106 4335 in
1127 4293 1218 4343 arer-
1276 4287 1456 4360 grammate
1482 4274 1654 4338 columnae
1672 4276 1833 4357 Troiam,
1862 4274 1946 4362 qnod
1969 4289 2010 4336 to

473 4397 508 4441 sa
534 4374 672 4453 omittit,
699 4388 734 4439 et
759 4374 952 4441 vocabulum
983 4370 1158 4437 OPTIMO
1184 4373 1218 4434 in
1276 4388 1345 4439 tum
1356 4373 1398 4439 ad
1409 4396 1529 4437 annum
1543 4376 1625 4444 V.C
1653 4376 1717 4441 866
1732 4377 1904 4461 descripti,
1919 4375 2010 4463 qnod·

382 4466 386 4475 ’
475 4468 613 4542 anticam
639 4476 794 4557 admittit,
823 4490 955 4541 etcum
978 4473 1116 4559 reliquia
1141 4476 1221 4538 Tra·
1276 4496 1341 4560 quc
1373 4476 1448 4542 trib.
1475 4492 1672 4561 potestatem
1702 4480 1805 4547 XVII.
1836 4480 2007 4565 eloquitur,
2088 4538 2090 4552 ,

376 4618 380 4625 -
476 4580 541 4660 iani
562 4580 663 4643 titulis
686 4578 819 4657 miscet,
856 4578 1043 4661 legiturque
1072 4590 1218 4641 constan·
1274 4577 1433 4641 intitules
1454 4580 1541 4643 inter
1561 4580 1707 4664 reliquos
1722 4581 1853 4664 Traiani
1875 4580 2008 4644 bonores

515 4770 546 4838 a)
566 4766 657 4845 Essap
674 4754 839 4827 on'medals
854 4768 921 4831 Vol.
939 4768 962 4825 l.
978 4787 1007 4843 p.
1019 4778 1082 4831 ert.
