4267 5500
422 570 537 670 xm
627 599 631 610 ⁴
948 600 1445 675 -rnrnrauro

406 790 689 893 demnarnn,
714 783 812 898 quia
830 779 1043 868 omissum.
1067 780 1207 865 Altero
1230 778 1356 863 modo
1374 803 1601 892 procurare
1619 780 1846 893 puritatem
1868 784 1985 866 edla-

424 924 591 1033 borari,
617 920 851 1009 revocando
871 920 924 1003 ad
943 916 1163 1047 sanitatem
1181 941 1407 1001 numorum
1429 929 1502 1002 aut
1523 916 1795 1031 epigraphen,
1823 936 1903 1006 aut
1917 938 1985 1034 ty-
2130 952 2131 955 ‘

410 1089 575 1174 'porum
603 1075 779 1169 stanam,
812 1058 1034 1171 inquibus
1063 1053 1373 1169 promulgandis
1404 1082 1530 1167 quarn
1562 1056 1748 1169 graviter
1771 1085 1899 1171 saepe
1927 1063 1984 1143 ab
2130 1111 2131 1138 r

426 1200 664 1313 antiquariis
686 1211 907 1310 peccatum
928 1194 1074 1301 forent,
1103 1218 1371 1276 commonere
1398 1221 1575 1277 necesse
1595 1222 1680 1277 non
1707 1205 1793 1302 est,
1819 1208 1862 1279 et
1889 1198 1982 1281 sine

426 1336 577 1449 quibus
598 1334 651 1417 ad
669 1335 887 1419 veritatem
907 1327 1106 1415 restitutis
1130 1329 1222 1414 fieri
1241 1358 1327 1413 non
1345 1341 1501 1443 potest,
1530 1344 1578 1416 ut
1601 1356 1667 1414 ars
1686 1331 1981 1416 numismatica
2130 1428 2131 1447 Ν

411 1498 496 1557 ¹eos
510 1456 725 1584 ⁸rependat
752 1472 933 1577 fnrctus,
991 1496 1068 1551 wros
1091 1466 1151 1549 ab*
1167 1494 1218 1549 ea
1242 1468 1296 1549 ob
1315 1465 1564 1578 multiplices
1588 1494 1733 1551 causas
1757 1466 1982 1582 philologia
2086 1452 2100 1475 ’
2130 1448 2131 1537 l

423 1614 560 1741 potest
577 1614 826 1719 exspectare.
846 1604 929 1718 Qui
947 1601 1267 1688 commentarios
1285 1604 1362 1687 hos
1381 1604 1650 1717 pervolverit,
1669 1604 1873 1689 continuo
1889 1634 1981 1717 per-
2130 1612 2131 1623 '

425 1744 589 1857 spiciet,
618 1776 685 1863 me
703 1746 747 1829 in
766 1744 904 1869 munis
924 1740 1223 1856 adprobandis,
1252 1740 1569 1827 restituendisve
1588 1770 1752 1825 summa
1769 1772 1867 1825 cum
1886 1743 1982 1827 reli-

425 1882 566 1993 gione,
596 1896 638 1967 et
655 1860 1174 1993 circumspectionefuisse
1196 1892 1422 1964 versatum..
2130 1964 2131 1973 Ν

510 2021 576 2103 Ad
593 2004 780 2104 ordinem
797 2018 909 2132 quod
929 2016 1095 2125 attinet,
1114 2027 1297 2123 constat,
1312 2016 1357 2100 in
1377 2016 1704 2124 conscribendis,
1724 1999 1982 2103 ordinandis-
2130 2070 2131 2093 ,

409 2186 414 2195 .
425 2186 505 2271 que
528 2162 810 2270 Augustomm
839 2153 976 2251 munis
1003 2152 1137 2237 alium
1161 2154 1250 2238 aliis
1276 2152 1476 2264 placitum
1503 2154 1640 2237 fuisse.
1681 2154 1790 2236 Alibi
1813 2152 1900 2235 dixi
1921 2146 1978 2260 a),
2130 2137 2131 2173 Τ

423 2294 612 2379 omnium
630 2290 1047 2405 praestantissunum,
1078 2291 1430 2403 utilissimumque
1443 2282 1577 2375 videri
1596 2290 1784 2375 ordinem
1802 2289 1980 2374 chrono-

422 2408 625 2544 logicum,
655 2429 859 2543 attulique
879 2428 1058 2528 rationes
1080 2456 1247 2541 graves,
1283 2454 1386 2540 (pras
1406 2454 1635 2541 recoquere
1659 2427 1837 2513 otiosum
1855 2429 1974 2513 foret

420 2568 574 2681 Neque·
586 2546 763 2680 amplius
781 2566 930 2649 addam
950 2564 1081 2674 adea,
1116 2595 1224 2681 quae
1243 2566 1288 2649 in
1312 2565 1566 2677 praelatione
1584 2566 1849 2679 adpraesens
1867 2593 1975 2676 opus

423 2703 476 2788 de
503 2702 765 2788 moderandis
794 2704 1101 2789 commentariis
1129 2692 1330 2818 praecepi
1376 2701 1586 2790 Nimirum
1616 2732 1742 2818 quarn
1769 2702 1974 2788 hactenus

420 2823 555 2953 legem
581 2823 832 2954 sequendam
861 2841 986 2950 duxi,
1010 2841 1147 2926 eidem
1171 2873 1241 2926 rne
1270 2842 1463 2955 deinceps
1489 2867 1657 2956 (proque
1682 2840 1974 2948 inhaesurum,

302 3011 306 3022 ¹
420 2978 662 3091 qood-istud
681 2973 855 3064 eaedem
870 2963 1020 3064 causae
1039 2966 1231 3094 exigunt,
1254 2980 1487 3092 inspicienti
1505 2979 1671 3091 patebit

414 3278 419 3298 ⁴
458 3265 496 3330 a)
508 3261 608 3322 volt.
630 3263 746 3338 proleg.
764 3283 831 3339 ger.
849 3283 913 3340 cap.
925 3264 1023 3324 xxiv
