4267 5500
481 553 554 641 art
1091 525 1422 624 elmerus.

474 707 546 810 que‘
578 741 691 787 omncs
717 721 809 784 cultu
839 731 890 783 est
921 700 1080 796 imitatus,
1124 707 1227 782 idctus
1349 715 1491 778 Numam
1503 715 1593 782 bunc
1605 717 1709 783 edidit
1722 719 1870 801 Illrellius,
1886 726 1934 810 qui
1946 725 1986 790 ad·

473 831 538 911 jam
558 825 722 911 luppiter,
758 821 925 899 Bacchus,
946 819 1134 914 «Hercules,
1164 820 1228 901 jam
1285 815 1410 896 firmat,
1438 839 1504 882 nou
1533 839 1606 884 esse
1637 823 1843 913 subaeraturn.
1887 829 1985 890 Tenen

472 931 571 1004 luno,
609 915 728 1002 Dtsns',
765 925 889 991 Venus.
934 916 1051 1009 Neque
1086 920 1224 984 deluere
1283 917 1417 981 dubium
1439 941 1507 984 nou
1529 921 1675 999 ridetur,
1702 925 1907 989 intercessisse
1922 926 1987 990 irau-

472 1029 535 1093 sibi
561 1024 818 1115 consecretionis
847 1046 973 1089 caume.
1017 1026 1100 1087 Nam
1122 1023 1225 1100 sicut,
1284 1017 1360 1080 dem
1380 1020 1520 1108 aliquam
1543 1043 1603 1086 seu
1621 1045 1757 1104 noram,
1785 1049 1839 1091 seu
1860 1041 1986 1091 reteren.

472 1131 653 1216 inquiebat,
699 1125 838 1192 eliorum
874 1147 1014 1210 gregum
1058 1123 1221 1208 magistri,
1280 1121 1389 1184 Nimio
1412 1121 1501 1186 enim
1531 1137 1658 1187 certum
1679 1141 1747 1205 est,
1774 1128 1925 1192 Claudium
1936 1129 1987 1206 Caii

468 1232 625 1308 bubulci,
662 1229 839 1313 opiliones,
873 1248 940 1290 non
961 1227 1024 1308 ipsi
1046 1240 1100 1289 aut
1121 1227 1223 1290 boves
1281 1223 1460 1288 memoriae
1477 1225 1596 1303 inisse,
1613 1241 1647 1292 et
1665 1247 1738 1292 esse
1755 1227 1894 1292 debuisse
1908 1228 1988 1292 inien

472 1331 798 1411 sunt,auterietes1,
831 1329 877 1393 sic
899 1341 933 1392 et
954 1349 990 1392 se
1014 1327 1146 1414 generis
1168 1327 1227 1390 hu·
1283 1345 1375 1403 sum,
1405 1347 1514 1411 neque
1545 1329 1632 1392 nllus
1659 1329 1813 1394 hactenus
1840 1331 1932 1398 editus
1952 1345 1989 1394 est

473 1434 561 1498 mani
589 1431 762 1498 custodem
784 1430 970 1494 bominibus
990 1443 1159 1513 praestare
1184 1429 1224 1510 ⁸).
1283 1449 1399 1491 numus
1421 1430 1548 1494 Claudii
1576 1451 1649 1496 cum
1673 1432 1988 1508 sisutotttP.v1.,us

469 1539 609 1598 Pontem
638 1531 773 1597 naribm
791 1532 919 1616 'junctis
948 1554 966 1595 a
997 1531 1146 1594 Puteolis
1176 1529 1218 1594 ad
1274 1529 1339 1612 jum
1379 1530 1566 1596 observavit
1594 1533 1746 1596 Kbellius
1767 1531 1810 1614 ι>).
1857 1535 1903 1595 st
1925 1533 1986 1596 baec

471 1639 593 1700 Baulos
623 1635 754 1710 stravit,
785 1653 925 1716 eumque
958 1653 1032 1695 cum
1060 1631 1217 1695 militibus
1275 1643 1398 1694 tanturn
1417 1631 1536 1709 abiait,
1562 1647 1599 1696 ut
1613 1633 1751 1699 Claudio
1770 1634 1932 1717 imperante
1944 1655 1987 1695 nc·

468 1739 637 1822 ingressus
656 1735 813 1798 Puteolos
831 1735 997 1799 hostiliter
1012 1735 1146 1810 invasit,
1168 1753 1221 1797 re·
1277 1731 1323 1794 mi
1342 1731 1415 1796 cuns
1436 1732 1605 1818 Caligulae
1621 1735 1728 1823 capite
1746 1737 1944 1821 signarentur,
1960 1745 1988 1796 nt

467 1858 667 1925 gressusque
687 1835 906 1922 pereundum
922 1849 974 1900 est
990 1833 1219 1920 triumphantis
1277 1833 1375 1896 etiem
1387 1855 1501 1898 omues
1516 1837 1606 1899 numi
1621 1837 1732 1914 senei,
1749 1838 1805 1923 qui
1821 1837 1886 1921 ejus
1899 1834 1987 1920 imagi·

467 1963 561 2005 mere
581 1937 769 2004 Alexander
794 1941 841 2001 ll.
864 1937 928 2002 dici
946 1939 1100 2023 gestiens.
1131 1939 1218 2000 lusa·
1254 1949 1350 2004 'nera
1369 1935 1593 2018 praeferrent,
1617 1938 1754 2002 conflari
1768 1937 1986 2020 juberentnr‘),

463 2045 520 2107 nis
547 2044 598 2106 his
626 2039 846 2104 moliminibus
876 2062 942 2104 non
974 2054 1042 2104 tato
1064 2051 1216 2104 vertente
1275 2035 1362 2120 quod
1376 2037 1496 2101 fuctum
1511 2038 1600 2102 idem
1614 2039 1857 2104 adabelendam
1868 2039 1988 2122 ejusne

468 2165 553 2208 suno
583 2144 736 2206 relictum
765 2164 784 2205 a
811 2141 947 2206 Tiberio
967 2143 1068 2208 vicies
1087 2163 1129 2204 nc
1148 2161 1221 2224 sep·
1273 2137 1413 2202 moriam
1433 2151 1579 2207 testatur.

467 2244 530 2308 ties
549 2226 669 2306 millies
693 2245 759 2310 ns.
785 2243 969 2326 absumpsit.
1010 2243 1151 2327 Reliqua
1173 2243 1220 2305 iu·
1331 2301 1336 2308 .
1445 2300 1451 2312 ,

380 2345 384 2354 ’
427 2349 432 2356 “
468 2344 638 2410 credibilis
654 2343 825 2419 saevitiae,
848 2363 885 2406 ec
904 2341 1049 2408 libidinis
1066 2343 1219 2427 exempla
1402 2358 1700 2427 Minicammatis
1713 2363 1886 2448 peregrini.

467 2447 527 2531 qni
538 2445 648 2522 volet,
664 2463 705 2507 ex
722 2444 896 2521 Suetonio,
914 2444 1074 2520 Philone,
1091 2459 1125 2508 et
1137 2447 1217 2508 Dio·
1421 2459 1426 2466 ’

464 2569 508 2612 ne
532 2559 640 2630 petat,
670 2559 704 2610 et
724 2545 809 2608 infra
830 2565 872 2608 ex
894 2565 1045 2608 sororum
1065 2546 1154 2630 ejus,
1178 2567 1216 2610 so
1341 2527 1483 2590 Vibium
1501 2527 1693 2627 libellifflm·

460 2669 605 2712 uxorum
623 2647 710 2710 serie
728 2658 882 2730 poterunt
897 2646 1024 2730 colligi.
1334 2644 1460 2707 Harum
1483 2667 1599 2734 numos
1616 2667 1683 2710 non
1698 2645 1915 2734 infrequentes
1929 2647 1987 2708 cin

530 2749 566 2817 C.
584 2750 766 2813 CAESAR.
796 2748 900 2815 Ave.
933 2748 1035 2814 PON.
1072 2751 1118 2813 ll.
1143 2750 1213 2813 PR.
1266 2743 1439 2831 Caligulae
1466 2750 1571 2833 capite
1595 2750 1629 2811 in
1657 2752 1814 2835 catalogis
1836 2748 1987 2831 descriptos

458 2851 565 2918 PO'l'.
590 2850 772 2917 1111.COS.
794 2851 864 2914 llll.
885 2849 919 2910 in
938 2850 1009 2916 AB.
1031 2854 1146 2917 vetere
1155 2860 1215 2936 'ty-
1271 2848 1428 2931 reperies.
1450 2850 1599 2934 lusignes
1614 2840 1705 2928 sunt,
1726 2852 1786 2917 scd
1810 2873 1932 2937 quorum
1945 2872 1986 2931 ps

344 3013 350 3030 ,
462 2952 667 3038 poCarorrae
683 2973 844 3031 quernae,
861 2951 934 3015 vela
954 2954 1078 3035 cupitis
1095 2954 1215 3036 Augu·
1271 2949 1365 3013 triam
1384 2950 1490 3013 minus
1507 2964 1787 3019 certotenemust
1823 2962 1826 2971 '

455 3058 516 3119 'sti
525 3057 662 3119 radiati.
686 3057 787 3136 (blus.
802 3052 912 3129 Caes.)
1367 3046 1397 3111 Γ
1400 3050 1524 3113 ΔΙΟΣ.
1541 3046 1734 3119 ΚΑΙΣΑΡ.
1751 3050 1851 3121 ΣΕΒ.
1868 3045 1986 3115 raeti.

602 3156 643 3220 C.
656 3155 839 3217 CAESARL
851 3154 954 3219 DIVI.
965 3150 1068 3219 AVG.
1078 3150 1210 3217 PRON.
1369 3146 1987 3222 an.Mur.AHME.=.otz.Tssa

569 3252 587 3333 J
604 3254 709 3322 Avo.
727 3256 761 3319 S.
780 3256 815 3317 C.
837 3254 950 3314 Pileus
964 3254 1145 3318 libertatis.
1371 3256 1478 3335 Caput
1492 3256 1615 3317 nudum
1628 3268 1819 3321 transuerso
1830 3269 1955 3336 sceptro.

464 3352 1208 3451 coequat(dementante.1111.
1269 3354 1348 3417 Sirra
1359 3354 1547 3439 epigraphe.
1583 3355 1724 3439 Signum
1743 3358 1986 3443 Augustum

458 3461 498 3524 P.
515 3460 571 3533 P.,
599 3463 636 3523 ic
651 3460 777 3521 medio:
799 3454 896 3519 RCC.
932 3454 1002 3519 ΔΕ.
1028 3456 1084 3519 lli.
1107 3458 1207 3539 (Mus.
1266 3457 1565 3532 ceramensium
1581 3460 1986 3535 sellaeinsideutisiaqaa·

457 3564 572 3644 Caes.)
1263 3554 1372 3639 drigis
1387 3557 1638 3639 elephantorum
1659 3564 1882 3643 interceptam
1901 3570 1985 3619 astra.

991 3656 995 3660 ’
1264 3656 1305 3717 Ia
1330 3658 1412 3720 aliis
1439 3660 1559 3720 desunt
1583 3661 1677 3722 solae
1703 3664 1892 3745 quadrigae.
1929 3656 1985 3718 AR.

463 3747 595 3812 liumus
613 3744 794 3829 Caligulae
821 3755 898 3826 pert
921 3743 992 3821 ejas
1007 3744 1144 3816 mortaria
1163 3746 1208 3808 si·
1265 3778 1308 3822 m,
1325 3780 1367 3824 m,
1388 3762 1488 3841 (Mu,
1507 3760 1783 3845 000„M0,0111‚)

760 3876 897 3947 gnatus.
1059 3900 1062 3903 ·
1328 3860 1450 3939 Alius,
1472 3864 1530 3925 sed
1543 3874 1647 3943 caput
1666 3864 1825 3943 Augusti
1841 3862 1985 3923 radiatum

1261 3966 1486 4044 interceptam
1500 3976 1605 4029 astra.
1635 3964 1708 4031 AR.
1723 3966 1782 4031 lIl.
1801 3960 1985 4046 (Muscam.

599 4068 636 4133 C.
655 4066 839 4131 CAESAR.
870 4066 973 4134 AVG.
1002 4066 1141 4133 GKRM.
1164 4067 1202 4131 P.
1259 4063 1423 4144 Macelli.)

596 4172 644 4234 ld.
656 4162 731 4233 ‘l'R.
747 4166 850 4232 PO'P.
877 4170 985 4248 Caput
1002 4172 1201 4232 laureatum.
1323 4162 1448 4227 Omnes
1456 4164 1492 4227 bi
1502 4164 1569 4249 typi
1581 4162 1703 4251 exiguo
1720 4164 1903 4231 discrimine
1916 4180 1987 4225 sunt·

454 4252 1052 4338 u¹1.cnsvn.causlrs.nve.'r.
1075 4272 1202 4337 caru.
1258 4264 1305 4350 pu
1330 4278 1404 4327 sunt
1437 4288 1477 4329 ex
1503 4266 1608 4330 sumu
1633 4270 1791 4331 nomana
1815 4290 1832 4331 s
1853 4264 1986 4328 riseris.

454 4376 559 4443 Por.
583 4378 673 4439 lttP.
697 4374 755 4442 Vl.
784 4370 891 4452 Caput
915 4372 1053 4434 Clauda'i
1073 4374 1203 4433 laurea·
1259 4380 1293 4431 et
1312 4366 1459 4451 Caligula
1480 4368 1667 4452 iuAugusti
1689 4369 1853 4433 bonorem
1871 4386 1987 4451 percus·

455 4491 538 4542 tum.
572 4480 644 4539 AR.
666 4476 767 4560 (llus.
790 4474 904 4563 Apost.
926 4474 1035 4551 Zeno,
1057 4492 1144 4537 nunc
1167 4472 1200 4535 S.
1257 4469 1313 4534 sis.
1342 4468 1532 4535 Verisimile
1553 4470 1700 4548 ridetur,
1724 4491 1785 4535 eos
1807 4470 1941 4565 signatos
1958 4462 1986 4526 in

454 4579 630 4661 Floriani.)
1255 4570 1464 4634 Cretensium
1492 4570 1625 4635 urbibus
1632 4594 1643 4653 5
1670 4594 1749 4637 narn
1779 4572 1902 4635 'liberii
1915 4582 1987 4634 aets-

456 4704 1987 4739 ww

490 4790 523 4856 a)
542 4782 631 4844 Philo
641 4784 742 4862 Legat.
757 4783 797 4843 ed
810 4783 873 4858 Cei.
885 4800 916 4861 p·
925 4783 987 4848 556.
1060 4778 1098 4855 b)
1118 4775 1222 4857 suppl·
1238 4774 1277 4835 id
1289 4774 1376 4843 Valli
1391 4797 1422 4856 p-
1434 4787 1478 4845 td·
1552 4782 1580 4856 0)
1599 4780 1655 4839 1350
1667 4778 1701 4838 Ῑι·
1711 4780 1774 4845 LX·
1788 4786 1814 4853 §-
1824 4790 1866 4845 tt.
