4267 5500
458 526 527 600 tm
984 538 1473 612 enarratio

461 719 613 803 mereri
637 706 784 824 fidem,
823 708 1019 801 continuo
1038 714 1213 831 subjicit
1237 709 1307 819 ‚²):.
1322 714 1526 827 „Scr‘lpsit
1554 741 1694 808 comes
1714 714 2010 801 Mediobarbus
2054 793 2057 797 .

460 856 564 965 ,illa
582 869 737 964 aetate,
769 882 851 968 qua
869 846 1129 967 antiquitatis
1142 852 1277 937 surdis
1297 880 1467 966 magnos
1492 853 1578 967 jam
1595 853 1732 935 fecere
1758 864 2012 967 progressus,

461 1008 538 1102 „et
556 1020 780 1077 munonun
808 988 979 1075 scientia
1005 992 1209 1103 voluptati
1224 992 1349 1103 vulgo
1375 991 1467 1072 fuit
1495 990 1659 1071 Tamen
1687 992 1773 1105 ejus
1797 994 2008 1102 catalogus

460 1160 579 1237 „non
594 1120 974 1240 multumpraestat
991 1127 1239 1234 Occoniano,
1269 1125 1447 1240 quernis
1470 1134 1636 1209 tantum
1654 1152 1804 1237 augere
1818 1127 2009 1213 instituit.

461 1268 607 1381 „Ergo
624 1266 754 1379 magis
772 1264 976 1371 solicitus,
1007 1275 1056 1346 ut
1076 1292 1179 1374 opus
1199 1292 1327 1375 suum
1356 1260 1603 1363 distenderet
1623 1262 1839 1347 inserendo
1855 1294 2011 1350 numos

376 1470 388 1491 .
461 1393 661 1510 ,·,omnes,
690 1428 868 1513 quorum
889 1401 1023 1513 potuit
1043 1398 1229 1505 obtinere
1247 1398 1584 1511 descriptionem,
1611 1426 1740 1513 quam
1765 1414 1815 1482 ut
1834 1430 1904 1485 eos
1921 1417 2016 1485 tan·

463 1554 590 1648 ,·,tum
611 1540 823 1650 vrdgaret,
854 1536 926 1647 qui
943 1549 1083 1619 certae
1090 1548 1235 1619 ‘essent
1252 1536 1369 1640 fidei,
1400 1534 1539 1641 omnia
1566 1532 1678 1617 nullo
1699 1534 1860 1621 dilectu-
1872 1536 2012 1637 intulit

288 1665 291 1673 ¹
353 1716 356 1721 ·
464 1702 721 1783 „numerum
749 1673 922 1779 indicia,
952 1700 1058 1785 quae
1087 1700 1232 1755 secum
1258 1671 1564 1757 communicata
1581 1672 1719 1776 fuere,
1756 1686 1800 1756 et
1824 1702 1932 1784 quae
1959 1702 2013 1759 ex

343 1838 357 1855 ⁸
463 1811 632 1919 „missis
652 1812 732 1894 sihi
752 1808 946 1923 catalogis
965 1808 1102 1921 potuit
1120 1835 1355 1920 excerpere,
1379 1820 1609 1913 contentus,
1636 1806 1706 1890 illa
1719 1808 1877 1893 ,omisso
1898 1810 2012 1893 omni

463 2017 487 2058 „
498 1948 696 2035 exaudire·
709 1942 924 2059 disponere
944 1945 1176 2029 secundum
1192 1945 1350 2057 legem,
1381 1972 1506 2057 quam
1524 1943 1605 2029 sihi
1623 1945 1877 2059 sequendum
1894 1973 2013 2060 prae-

461 2076 662 2196 „fixerat
683 2081 751 2165 Ex
772 2081 853 2195 quo
881 2082 1138 2190 sactum,.'ut
1156 2109 1279 2192 saepe
1295 2081 1532 2194 propinaret
1548 2108 1698 2167 numos
1720 2057 1862 2189 falsos,
1876 2096 2011 2195 'typos

461 2222 704 2331 ,informes
734 2231 777 2303 et
795 2218 1079 2333 inscriptiones
1097 2219 1282 2325 luxatas,
1301 2220 1359 2301 sic
1377 2231 1426 2302 ut
1445 2218 1685 2333 ejusoperis
1703 2220 1863 2305 nullam
1879 2221 2012 2332 possis

463 2372 706 2467 „ostentare
732 2357 945 2469 paginam,
975 2385 1083 2469 quae
1110 2386 1194 2440 non
1219 2354 1381 2441 mendis
1408 2356 1559 2443 referta
1585 2358 1645 2441 sit
1673 2354 1936 2470 Quapropter
1959 2386 2013 2442 ex

464 2497 589 2611 „ejus
628 2495 751 2578 unius
784 2492 1003 2605 praeconio
1035 2493 1197 2576 mdlum
1228 2492 1425 2578 existima.
1445 2522 1623 2609 numum
1655 2522 1755 2579 vere
1772 2496 2014 2607 antiquum,

462 2652 597 2741 „cum
618 2630 688 2714 hic
711 2631 952 2713 insolentius
972 2630 1072 2741 quid
1093 2632 1231 2738 offert,
1255 2644 1297 2714 et
1316 2643 1538 2742 antequam
1560 2629 1595 2714 is
1615 2630 1668 2713 ad
1687 2634 2012 2716 confirmandam

380 2787 384 2796 '
462 2770 711 2879 „historiam
728 2766 973 2874 advocetur,
1003 2781 1165 2852 certum
1184 2781 1227 2851 te
1246 2766 1363 2852 reddi
1382 2782 1557 2880 oportet,
1584 2769 1722 2875 talem,
1751 2772 1915 2881 qualem
1941 2771 2014 2856 de-

322 3003 325 3006 ,
466 2896 649 3020 scripsit,
678 2907 723 2989 in
740 2933 885 2990 museo
912 2903 1110 3018 quopiam
1128 2894 1349 2989 existere.“
1397 2906 1621 3019 Hucusque
1639 2907 1875 3015 Bimardus,
1913 2936 2013 2991 cum

466 3045 584 3159 cujus
610 3043 765 3158 judicio
796 3040 1001 3142 consentit
1033 3043 1145 3126 aliud
1173 3043 1303 3126 mrdto
1330 3044 1533 3128 vetustius
1562 3043 1763 3156 praeclari
1783 3044 1934 3128 loherti
1962 3038 2013 3146 ¹³).

466 3181 548 3264 Sed
576 3175 618 3263 et
647 3180 808 3290 pridem
836 3179 885 3261 cl.
908 3179 961 3262 de
980 3179 1116 3262 Valois
1137 3178 1343 3264 eruditam
1369 3180 1504 3292 coepit
1531 3182 1619 3296 ejus
1647 3181 1781 3294 operis
1809 3179 2014 3268 adornare
2089 3205 2096 3226 ·

468 3310 705 3420 censuram,
747 3311 951 3424 quoinde
978 3315 1030 3394 ab
1051 3317 1239 3427 Augusto
1265 3344 1398 3428 usque
1429 3315 1483 3398 ad
1502 3316 1756 3404 Hadrianum
1785 3321 2017 3406 mrdtorum

469 3476 692 3537 numorum
722 3478 771 3533 eo
799 3464 1090 3535 contentorum
1112 3465 1186 3536 aut
1211 3452 1372 3565 spurios
1403 3453 1579 3563 natales,
1612 3469 1686 3540 aut
1706 3457 1852 3549 salsam
1870 3457 2018 3543 lectio-

468 3617 586 3698 nem,
615 3600 688 3671 aut
702 3581 790 3670 'alia
812 3587 913 3673 vitia
931 3587 1090 3674 idoneis
1114 3590 1367 3703 argumentis
1389 3590 1641 3677 demonstrat
1669 3591 1715 3698 0).

457 3752 461 3760 ’
557 3727 668 3808 Haec
695 3720 857 3837 quiquis
886 3725 1052 3838 legerit,
1081 3726 1202 3810 facile
1228 3727 1317 3839 ipse
1335 3727 1561 3841 intelliget,
1590 3759 1688 3813 cum
1713 3729 1904 3839 edixero,
1929 3763 2018 3818 non

469 3861 760 3975 modo'parum
784 3859 863 3945 isto
889 3853 1151 3946 Mediobarbi
1171 3866 1357 3978 catalogo
1386 3866 1621 3950 consultum
1645 3867 1910 3981 philologiae,
1940 3873 2020 3954 sed

470 3995 607 4108 otiam
637 3993 874 4122 sis'equare,
903 4001 1150 4112 gravissimis
1170 4008 1214 4088 t'e
1237 4011 1569 4118 quaquaversum
1588 4005 1827 4091 offensionis
1851 4010 2022 4121 pericu·

471 4139 520 4222 lis
540 4161 832 4242 occursurum,
855 4133 959 4218 nihil
977 4141 1046 4219 me
1064 4138 1240 4249 amplius
1262 4141 1473 4249 adserere,
1498 4140 1578 4225 nisi
1596 4143 1709 4256 quod
1731 4175 1756 4227 a
1775 4151 2024 4258 praestanti

469 4279 548 4358 hus
574 4272 624 4356 iis
647 4267 745 4358 v‘i'ris
765 4270 927 4383 pridem
953 4275 1034 4356 fuit
1061 4275 1343 4362 cmrstitutum.
1369 4275 1838 4393 Enirnvero'antequam
1859 4283 2026 4372 Medio·

471 4413 625 4494 barbus
654 4407 707 4491 ad
736 4407 1052 4494 'conscribendos
1077 4412 1384 4524 imperatorum
1400 4443 1564 4512 numos,
1577 4418 1803 4530 appelleret
1820 4421 2025 4528 animum,

337 4622 358 4638 ‘¹'
468 4589 1036 4712 i·)13*.1..T0m.x11.ttem,p.sar.
1121 4596 1475 4698 'mscieneedesmat
1493 4625 1680 4703 r.1.p.1oo.
1782 4637 1813 4705 c)
1833 4634 1866 4694 Β,
1880 4635 1915 4692 1..
1936 4637 2025 4694 Tom.

559 4711 624 4769 ΧΠ.
642 4709 717 4768 nist.
731 4723 831 4788 p.309.
851 4711 1023 4771 Tomxlll.
1044 4710 1120 4770 nist.
1135 4718 1235 4801 pud.
1252 4715 1335 4775 rom.
1343 4712 1424 4775 XVI.
1443 4713 1519 4774 trist.
1534 4733 1565 4792 p.
1577 4727 1637 4781 145.
1655 4803 1660 4812 ἱ
