4267 5500
439 576 510 658 [498

438 731 527 794 driae
540 728 642 812 Libya
653 727 754 792 foisse
771 735 939 802 renatum,
959 736 1072 790 narrat
1082 687 1189 790 'Athe-

435 844 536 897 naeus
557 834 597 913 ⁸).

799 929 819 968 a

679 975 699 1015 ιι
919 977 939 1013 ιι

575 1037 620 1096 Vt
634 1033 687 1094 tit.
702 1031 745 1094 H.

443 1135 685 1204 ADVENTVI.
729 1131 832 1202 AVG.
877 1129 1183 1197 arcanorum

433 1243 467 1306 S.
489 1240 525 1302 C.
544 1241 621 1300 Ara
634 1239 762 1321 ignita,
791 1236 871 1298 laiac
892 1241 1074 1318 irnperator
1091 1251 1184 1318 toga-

432 1356 489 1405 tus
505 1353 610 1414 stans,
626 1341 704 1400 inde
714 1340 833 1420 genius
844 1337 1065 1399 Macedoniae
1077 1339 1183 1419 pilea-

419 1457 488 1506 tus
504 1445 676 1504 saooiaota
691 1449 780 1502 veste
794 1439 825 1502 d.
834 1450 1003 1520 pateram,
1029 1439 1181 1523 aflagel·

433 1546 523 1619 lum,
542 1563 602 1622 pro
614 1538 997 1623 petrammalam.
1011 1541 1035 1606 Ι.
1051 1541 1183 1624 (Vaill.)

430 1647 501 1708 ΑΕ.
518 1646 557 1706 ll.
575 1645 674 1725 (Mus.
691 1640 800 1722 Caes.)

575 1748 621 1807 Vt
637 1746 691 1809 tit.
707 1743 751 1808 Η.

431 1846 748 1916 RESTITVTORI.
766 1844 1072 1914 MACEDONIAE.
1091 1849 1123 1912 S.
1141 1849 1180 1914 C.

430 1953 618 2035 Imperator
637 1946 928 2033 togatusfiguram
945 1969 1033 2032 gerru
1042 1952 1184 2036 fleeten-

428 2071 496 2115 tem
513 2053 695 2135 pileatam‚
723 2062 757 2112 et
773 2073 799 2112 s.
812 2051 994 2136 flagellum
1020 2063 1183 2116 tenentem

430 2155 603 2217 sublevat..
617 2153 687 2218 ΑΕ.
704 2153 727 2215 l.
745 2154 846 2234 (Mus.
858 2153 967 2234 Caes.)

473 2256 548 2347 Quo
568 2269 718 2338 tempore
739 2255 773 2316 in
793 2253 1017 2318 Macedoniam
1040 2257 1179 2333 venerit,

430 2359 692 2439 incompertum
736 2356 917 2424 verisimile
946 2369 1039 2435 tum,
1083 2379 1181 2442 quan-

430 2459 473 2521 do
508 2459 613 2520 altero
649 2457 780 2540 imperii
807 2479 891 2521 anno
921 2479 983 2539 per
1012 2459 1179 2541 Illyricum

429 2561 569 2621 Romam
592 2578 634 2620 ex
656 2559 797 2623 Oriente
817 2559 918 2626 venit.
960 2559 1090 2623 Pileum
1110 2562 1181 2627 val·

429 2662 495 2748 gati
511 2661 546 2722 in
563 2660 624 2724 hae
642 2661 780 2744 regione
799 2662 900 2724 moris
916 2661 1054 2728 vidimus
1068 2664 1102 2725 in
1121 2685 1180 2727 nu·

427 2766 488 2827 mis
514 2786 631 2849 regum
653 2763 884 2844 Macedoniae,
914 2780 984 2829 tum
1009 2781 1042 2830 et
1056 2769 1100 2830 -in
1123 2768 1179 2832 de-

426 2868 525 2931 nariis
536 2869 572 2932 C.
583 2864 736 2943 Antonii,
760 2881 793 2930 et
809 2866 914 2951 gentis
930 2869 1094 2937 Planaiae.
1105 2874 1179 2954 ‚Ve-

425 2992 500 3032 rum
525 2968 625 3033 additi
648 2968 774 3052 flagelli
797 2990 927 3060 oausam
947 2972 1104 3039 hactenus
1126 2996 1178 3040 re·

425 3074 537 3156 perire
555 3094 621 3136 non
637 3072 741 3156 pota-i.

793 3176 812 3213 Ι

908 3228 927 3263 Ι

573 3281 624 3339 Vt*
634 3226 690 3342 tii.
705 3278 748 3342 H.

424 3379 729 3445 Mavnnrtttta,
749 3380 784 3448 S.
800 3380 835 3447 C.
866 3384 1012 3447 Mauras
1026 3397 1123 3448 stans
1141 3388 1173 3452 d.

423 3484 574 3559 hastam,
598 3506 626 3547 r.
641 3502 758 3561 aonam
769 3485 873 3569 J'reao
895 3490 1029 3551 ratioet:
1057 3487 1128 3552 ΑΕ.
1148 3490 1173 3553 l.

1029 549 1403 630 Hannltttts

1389 725 1503 790 thit.
1521 724 1565 793 H.

1243 823 1556 895 nEsrtTvtont
1565 823 1904 894 MAVRE'PANIAE.
1913 828 1988 894 S.C.

1242 926 1429 1009 imperator
1435 930 1611 992 sublevans
1614 927 1765 1013 figuram
1778 931 1987 1011 procumben·

1242 1039 1319 1091 tem.
1365 1029 1420 1095 Sio
1442 1051 1576 1094 numum
1604 1028 1761 1095 describit
1784 1027 1986 1099 Vaillantios.
2019 1054 2023 1063 ·

1241 1130 1313 1194 ΑΕ.
1327 1133 1353 1194 l.

1283 1235 1400 1314 Neque
1416 1233 1458 1297 de
1476 1246 1643 1318 tempore,
1674 1255 1739 1323 quo
1754 1222 1986 1298 Mauretaniam

1240 1334 1322 1402 vidit
1342 1336 1549 1414 Hadrianus,
1592 1336 1680 1401 aliud
1702 1349 1836 1422 praeter
1857 1339 1985 1420 conjec-

1242 1450 1331 1500 turas
1347 1437 1515 1504 habemns.
1564 1439 1617 1504 De
1639 1440 1763 1510 Mauris
1786 1440 1986 1523 Spartianus:

1246 1541 1364 1604 Motus
1378 1542 1579 1602 Maurorum
1605 1545 1817 1625 compressit,
1855 1554 1890 1603 et
1907 1561 1931 1602 a
1943 1564 1988 1604 se

1240 1655 1324 1703 notu
1351 1643 1611 1723 supplicationes
1637 1646 1790 1706 emeruit.
1833 1643 1985 1725 Spectato

1241 1741 1388 1820 ordine,¹
1405 1762 1469 1826 quo
1486 1740 1574 1803 istud
1589 1756 1715 1818 narrat,
1748 1741 1783 1804 td
1805 1743 1927 1806 iactum
1941 1754 1988 1807 est

1241 1844 1301 1909 sub
1318 1845 1445 1907 initium
1470 1845 1541 1926 ejas
1564 1845 1880 1930 peregrinationum.
1909 1847 1985 1911 Cau·

1241 1969 1276 2010 sa
1307 1961 1413 2010 motas
1447 1965 1510 2030 per
1538 1947 1675 2008 Lusium
1704 1945 1861 2040 Quietum
1889 1949 1983 2023 illata,

1240 2048 1347 2115 virum
1377 2050 1411 2110 m
1446 2045 1729 2131 praestantissimis
1767 2050 1838 2132 ejus
1873 2052 1981 2116 aetatis

1239 2150 1488 2215 numerandum.
1537 2150 1647 2214 Patria
1676 2153 1811 2213 Maurus
1838 2151 1874 2213 in
1902 2168 1985 2216 ntro·

1236 2272 1303 2336 que
1333 2252 1425 2315 bello
1450 2253 1573 2317 Dacico
1606 2273 1680 2316 oum
1709 2273 1769 2316 auo
1799 2256 1985 2319 Maurorum

1240 2353 1385 2439 equitatu
1397 2355 1559 2437 (egregia
1593 2353 1698 2417 edidit
1724 2353 1883 2420 facinora.
1901 2387 1906 2401 ·
1924 2359 1986 2424 Ve-

1239 2469 1347 2519 terem
1369 2479 1461 2519 suam
1491 2455 1630 2540 gloriam
1659 2440 1709 2517 in*
1722 2449 1813 2520 bello
1833 2459 1986 2524 Parthiae

1239 2557 1288 2622 sio
1304 2559 1472 2642 provexit,
1493 2572 1529 2621 ut
1542 2559 1575 2620 in
1595 2559 1789 2621 meritorum
1804 2563 1984 2643 praemium

1238 2683 1256 2725 a
1280 2661 1421 2744 Traiano
1448 2673 1634 2742 praeturam
1656 2661 1816 2744 primum,
1846 2683 1886 2728 ao
1901 2686 1985 2728 oon·

1239 2764 1379 2826 sulatum
1397 2762 1559 2840 auferret,
1574 2784 1611 2827 ao
1628 2762 1771 2848 <lenique
1785 2767 1985 2851 provinciam

1235 2866 1484 2943 Palaestinam‚'
1510 2886 1576 2951 quo
1605 2868 1640 2945 in
1669 2886 1808 2930 munere
1842 2869 1984 2935 Jntlaeos

1236 2968 1383 3032 rebelles
1410 2968 1451 3031 ad
1481 2968 1675 3054 obsequium
1703 2970 1847 3037 reduxit.
1892 2976 1986 3036 Haeo

1235 3068 1431 3154 compendio
1453 3072 1663 3156 persequitur
1686 3072 1752 3135 Dio
1768 3071 1813 3157 b).
1841 3075 1879 3137 Si
1901 3076 1982 3138 tides

1235 3173 1436 3251 Themisto,
1481 3196 1556 3237 eum
1579 3176 1755 3259 Trajanus,
1808 3177 1873 3238 etsi
1893 3192 1983 3240 extra

1233 3276 1364 3359 imperii
1386 3276 1524 3339 Romani
1545 3276 1627 3339 {ines
1647 3293 1741 3341 natus
1763 3293 1875 3355 esset,
1915 3300 1984 3343 sue·

1233 3398 1401 3442 cessorem
1423 3380 1485 3442 sibi
1506 3379 1682 3443 destinavit
1696 3383 1737 3462 ο).
1772 3380 1827 3443 ab
1846 3380 1981 3445 Hadria-

1232 3502 1276 3543 no
1302 3481 1342 3544 ad
1364 3482 1530 3566 regendos
1551 3484 1685 3544 Mauros
1707 3484 1901 3561 translatus,
1931 3505 1982 3546 on·

422 3586 464 3652 11.
481 3588 579 3669 (Mus.
595 3588 705 3669 Caes).

566 3694 621 3752 Vt.
642 3692 693 3753 tit.
709 3690 751 3752 H.

1233 3598 1267 3647 to
1284 3583 1324 3647 ab
1339 3584 1390 3646 his
1409 3584 1565 3659 tumultu,
1595 3583 1689 3665 eujus
1703 3584 1794 3667 ipse,
1831 3600 1870 3647 ut
1884 3587 1983 3670 impe·

1231 3686 1317 3749 rium
1336 3686 1370 3747 in
1394 3707 1431 3749 se
1453 3687 1668 3762 transferret,
1698 3701 1814 3749 auctor
1840 3702 1892 3751 est
1913 3708 1984 3751 ere·

420 3792 663 3855 ADVENTVl.
701 3790 803 3859 Ave.
835 3790 1172 3857 Mavnn'rttttan.
1232 3788 1342 3865 ditus,
1372 3790 1580 3874 imperatoris
1600 3789 1692 3873 jussu
1720 3802 1906 3852 exarmatos
1933 3804 1985 3853 est

420 3894 456 3957 S.
475 3894 512 3959 C.
533 3896 625 3969 Ara,
654 3894 733 3955 ttae
752 3896 934 3975 imperator
948 3908 1059 3971 stans,
1094 3897 1173 3959 inde
1231 3892 1330 3954 misso
1354 3891 1395 3956 ad
1422 3892 1584 3957 sedandos
1600 3894 1734 3954 Mauros
1753 3893 1881 3955 Marcio
1899 3894 1983 3955 Tur·

422 3998 642 4059 Mauretania
657 3998 689 4062 d.
703 4010 866 4073 poteram,
882 4020 909 4062 s.
924 3998 1096 4075 vexillum,
1109 4019 1171 4080 pro
1228 3994 1317 4058 bone
1332 3993 1383 4072 d)‚
1402 3995 1544 4079 denique
1558 3995 1592 4055 in
1609 3992 1730 4060 itinere
1745 3994 1815 4057 sive
1839 4008 1981 4069 senatus,

368 4150 372 4161 .
416 4100 557 4181 pedibus
574 4102 724 4161 victima.
747 4098 1134 4181 AE.·1.11.(Mus.·Caea)
1228 4098 1298 4162 sive
1312 4098 1415 4183 ipsias
1429 4096 1584 4162 Hadriani
1602 4098 1693 4180 jussu
1709 4096 1836 4161 oesiam
1852 4110 1904 4159 est
1919 4105 1960 4172 e).

560 4204 606 4262 Vt
622 4201 675 4263 lit.
696 4202 737 4265 H.
1271 4204 1405 4265 Mauros
1430 4222 1551 4286 equam
1575 4200 1699 4263 ducens
1720 4201 1876 4284 proprius
1903 4219 1982 4281 gen·

301 4256 304 4266 ’
420 4302 682 4398 annnorrvs
705 4304 1064 4375 navarrantcvs.
1079 4308 1113 4373 s.
1133 4307 1171 4371 c.
1230 4305 1273 4367 aa
1307 4319 1414 4387 typus.
1466 4305 1658 4369 rasurarum
1702 4303 1864 4385 equitatus
1904 4304 1984 4364 aaa

419 4405 607 4488 Imperator
622 4426 719 4485 eques
733 4410 861 4477 'milltes
877 4412 1079 4490 adloquitur.
1100 4410 1172 4476 ΑΕ.
1232 4428 1315 4494 quae
1340 4407 1445 4470 famae
1469 4425 1552 4468 oum·
1569 4416 1706 4487 propter
1737 4424 1901 4495 equorum
1928 4425 1984 4467 ex·

419 4507 443 4570 1.
458 4508 680 4591 (Mnacaes.)
1231 4509 1433 4584 cellantiam,
1474 4523 1542 4571 tum
1566 4505 1674 4592 gentis
1699 4506 1801 4591 ipsius
1824 4506 1980 4572 studium.
2100 4563 2102 4586 ,

455 4724 487 4793 ι)
508 4722 539 4780 L·
559 4723 622 4782 xv.
642 4743 673 4799 p·
695 4746 733 4785 ιι.
754 4730 816 4800 oa.
933 4728 967 4799 a>
988 4728 1019 4786 n.
1039 4728 1162 4787 axvrn
1180 4730 1260 4801 §.aa
1720 4726 1756 4797 a)
1777 4726 1877 4803 spara
1900 4748 1926 4784 ι.
1950 4738 1977 4787 a.
2100 4684 2102 4693 ’

422 4818 452 4887 a)
474 4814 557 4871 ldern
580 4836 645 4893 cap,
670 4830 696 4877 t.

1385 4729 1416 4799 e)
1438 4727 1513 4784 Orat
1530 4726 1607 4786 XVI.
