4267 5500
393 607 466 693 ³¹²
972 560 1332 660 ‘vruauutvs

393 778 435 825 ra
452 774 524 825 eum
540 755 711 845 ridemus,
729 754 938 841 paritonium
961 751 1047 817 istud
1065 772 1139 818 oum
1198 752 1313 818 modus
1327 750 1444 835 illigati
1463 762 1546 814 aona
1562 750 1661 835 gladii
1681 750 1853 815 manifeste
1868 772 1946 818 eon·

394 856 532 948 quadam
568 846 785 923 ostentatione
821 856 953 937 tractari
982 854 1140 935 manibus,
1198 850 1342 939 spleitu'r.
1381 852 1499 922 Valeat
1520 852 1621 937 igitur
1644 849 1801 934 judicium
1814 854 1856 917 de
1875 871 1947 920 aee·

395 962 480 1027 eerti
495 968 568 1025 esse
589 982 778 1045 possumus,
808 958 871 1023 hoe
887 972 954 1021 tum
977 970 1071 1042 gestu
1086 968 1141 1023 aut
1197 970 1273 1040 ptro
1286 950 1418 1039 imperii
1435 951 1601 1030 militaris,
1620 953 1723 1017 daton
1730 957 1771 1016 de
1784 973 1950 1019 comman-

394 1061 579 1147 praedicari
593 1063 761 1139 virtatem,
784 1074 837 1125 aut
852 1062 993 1124 militare
1009 1060 1043 1120 in
1059 1059 1140 1122 alios
1198 1062 1346 1133 dement,
1388 1055 1476 1141 quod
1508 1051 1693 1117 inficiantur
1725 1070 1946 1137 monumenta,

394 1164 579 1249 imperium.
628 1164 791 1227 Continuo
828 1182 869 1226 ex
910 1160 1060 1225 Martiale
1096 1158 1143 1224 vi·
1200 1154 1424 1242 etsariptures
1440 1169 1573 1223 veteres
1591 1168 1658 1218 uon
1674 1156 1852 1225 stabiliunt.
1880 1160 1949 1224 De·

396 1266 520 1343 dimus,
571 1264 735 1345 tribunum
790 1250 978 1341 militarem¹
1007 1262 1142 1325 bonoria
1200 1260 1299 1347 nique
1317 1259 1393 1325 satis
1415 1254 1527 1322 mirari
1545 1280 1611 1322 non
1638 1278 1787 1341 possum,
1812 1280 1878 1344 quo
1895 1279 1952 1344 pa·¹

397 1370 491 1431 eausa
522 1368 702 1451 paraaonio
724 1359 822 1448 elugi.
865 1364 1003 1449 Insignis
1025 1374 1075 1427 est
1095 1362 1142 1424 lo·
1200 1376 1255 1427 ete
1274 1364 1413 1449 uterque
1433 1360 1484 1427 tir
1505 1358 1950 1444 eruditut‘possitadaerera,

315 1482 318 1491 '
396 1472 454 1532 tius
492 1470 607 1532 Dionis
653 1468 811 1531 narrantis
850 1462 891 1527 de
928 1465 1068 1547 Trajano
1095 1465 1141 1545 ·)=
1199 1482 1307 1549 neque
1323 1461 1685 1547 imperatores,neque
1704 1460 1875 1527 militesin
1893 1485 1952 1527 uu·

396 1568 483 1631 cilia
500 1593 552 1631 aar
570 1567 621 1631 irs
635 1588 749 1649 neuras
765 1592 808 1651 τῳ
822 1562 965 1650 palleant
987 1586 1045 1626 ror
1063 1557 1148 1642 daeo-
1204 1565 1265 1630 mia
1281 1562 1390 1651 gladio
1404 1564 1585 1628 succinctos
1602 1579 1805 1646 comparere.
1828 1567 1952 1629 Consu·

398 1682 493 1749 paea»
513 1670 667 1751 inopina,
689 1691 724 1731 aa
739 1670 841 1751 ξιφος,
865 1660 1147 1754 inaeagursuail'at
1203 1668 1342 1732 luissent
1360 1662 1555 1730 familiarum
1580 1686 1713 1742 numos,
1737 1679 1772 1729 et
1794 1668 1953 1731 uidissent

397 1766 484 1834 eiuras
511 1768 620 1856 ἔχρη»,
657 1770 778 1853 ὤρεξεν,
807 1770 967 1857 iqnpauaa
993 1789 1028 1831 rs
1056 1765 1145 1845 eiuro,
1203 1785 1233 1834 v.
1248 1784 1277 1833 e.
1304 1766 1389 1853 epud
1415 1764 1606 1829 Morellium
1632 1764 1665 1827 in
1690 1780 1790 1848 geute
1811 1770 1953 1834 Servilia

395 1876 445 1930 lat
484 1868 640 1947 airaasnaa
662 1870 737 1952 ipa,
767 1868 857 1947 Λαβε
881 1892 954 1933 raro
983 1893 1017 1933 ra
1043 1869 1145 1950 ξιφος,
1202 1868 1266 1933 tab.
1285 1873 1325 1936 ll.
1347 1890 1380 1933 u.
1399 1878 1429 1945 q.
1446 1868 1528 1933 duos
1547 1867 1667 1930 milites
1689 1866 1816 1932 eductis
1834 1868 1951 1955 gladiis

400 1972 466 2048 ira,
492 1968 527 2033 aia
543 1996 595 2056 μεν
609 1979 714 2048 sanna
729 1972 837 2061 ἄρχω,
860 1972 931 2055 ὑπερ
951 1966 1027 2056 ipa,
1054 1970 1090 2035 ait
1112 1962 1149 2032 de
1204 1982 1325 2033 stantes
1346 1969 1510 2051 pendente
1534 1990 1577 2032 ex
1595 1969 1705 2032 einetu
1725 1973 1858 2055 vagina,
1882 1986 1951 2036 tuat

399 2090 511 2147 ιακως,
526 2071 664 2158 aar'ipe
680 2072 761 2159 dorp
775 2094 885 2163 xenon
921 2076 1012 2158 Quia
1032 2077 1167 2150 etiam,
1203 2071 1322 2156 passim
1339 2072 1373 2133 in
1390 2070 1461 2134 aliis
1478 2070 1625 2153 ejusdem
1644 2072 1751 2156 gentis
1773 2074 1881 2138 numia
1893 2074 1953 2138 uti·

397 2194 472 2235 cum
496 2176 569 2252 ilii,
594 2178 653 2253 aui
670 2181 837 2263 praefecti
854 2184 1146 2259 praetorianorum
1203 2168 1279 2236 lites
1315 2170 1424 2257 gladio
1456 2172 1695 2255 depugnantes,
1726 2187 1760 2237 et
1789 2175 1951 2255 similiter,

337 2360 344 2365 q
395 2288 531 2337 munera
532 2280 722 2359 sancturus
731 2288 816 2357 erat,
830 2278 996 2363 gladium,
1006 2301 1068 2359 aaa
1078 2284 1147 2343 cin·
1204 2274 1238 2337 ln
1262 2273 1414 2359 proxime
1445 2271 1666 2356 praecedente
1697 2288 1798 2358 geute
1823 2276 1951 2363 Sergia.

349 2388 355 2399 ·
394 2374 435 2455 gi
453 2376 607 2452 debebat,
628 2378 816 2459 praeberet,
834 2402 872 2444 ea
891 2386 1034 2462 nudato,
1050 2392 1148 2461 atque
1206 2376 1317 2471 Quare
1336 2377 1392 2439 rix
1408 2374 1469 2440 ulli
1494 2374 1619 2450 bomini
1639 2390 1764 2440 armato
1782 2399 1861 2442 suus
1876 2372 1955 2444 dee·

396 2488 570 2556 porrecto:
592 2476 720 2558 Accipe
731 2480 883 2561 gladium
898 2484 1007 2560 haar,
1028 2484 1095 2561 ait,
1110 2494 1147 2545 ut
1204 2479 1248 2541 rit
1265 2477 1407 2563 gladius,
1424 2475 1523 2540 modo
1539 2475 1659 2540 eruditi
1672 2478 1708 2539 bi
1724 2479 1787 2543 riri
1804 2500 1880 2545 eum
1896 2502 1951 2565 pas

400 2591 451 2650 ao,
468 2576 499 2635 si
515 2586 604 2637 reete
619 2580 793 2659 imperem,
814 2603 877 2662 pro
894 2604 962 2661 me,
974 2586 1027 2646 sia
1042 2605 1148 2663 secus,
1205 2578 1342 2644 raaouio
1355 2578 1388 2640 in
1407 2578 1543 2663 qratiam
1558 2578 1751 2646 rediverint.

401 2686 517 2737 contra
534 2696 583 2739 me
602 2682 720 2742 utaris.
743 2681 794 2743 Ex
815 2698 994 2768 quo-patet,
1013 2705 1148 2770 parazo-
1471 2727 1491 2766 „
1575 2678 1595 2717 ⁴
1678 2729 1697 2769 „

399 2775 492 2838 nium
510 2777 637 2862 insigne
664 2779 764 2845 fuisse
789 2785 979 2850 commissae
1005 2807 1150 2852 summae
1346 2783 1534 2865 Epigrnpiae
1549 2788 1646 2846 uaria
1659 2787 1826 2864 proditur.

403 2877 438 2937 ln
487 2881 711 2960 praetorianae
764 2889 944 2970 potestatis.
1011 2887 1151 2957 Virtutis
1210 2869 1748 2954 1.0.Mtx.cth1TOLtNVS.
1787 2889 1957 2970 Templum

403 2976 604 3062 praedicatio
629 2999 696 3062 eat,
733 3005 806 3050 cum
831 3011 863 3054 v.
880 3011 909 3055 e.
937 2981 1095 3073 Traianus
1118 2991 1153 3049 in
1211 2986 1391 3070 distylum,
1412 2989 1449 3049 ia
1465 3005 1529 3066 pua
1549 2985 1700 3070 Iuppiter
1718 2989 1963 3075 redemisti-

403 3081 511 3143 ttumis
538 3083 749 3149 ARMENIA.
788 3091 860 3158 ΕΤ.
893 3089 1154 3154 ΜΕὸΟΡΟΤΔ·
1211 3087 1505 3165 man,s.itastam.
1526 3087 1598 3151 att.
1690 3145 1694 3151 .

403 3183 494 3246 sits.
517 3196 579 3246 etc.
610 3183 691 3247 illud
715 3211 811 3253 mauu
834 3191 963 3276 sinistra
987 3191 1082 3254 altius
1109 3203 1155 3252 at·
1275 3187 1522 3273 spanhemius,
1546 3186 1758 3266 Vaillantius,
1804 3191 1964 3275 Seblege·

350 3293 355 3304 '
403 3283 504 3358 tollit,
526 3283 558 3344 in
578 3285 724 3368 quibust,¹
746 3311 820 3354 oum
843 3293 944 3375 magis
974 3305 1046 3354 suut
1072 3293 1155 3354 inte·
1212 3289 1294 3366 lius,
1326 3289 1446 3374 aliique
1476 3305 1630 3365 censent,
1660 3314 1679 3353 a
1700 3288 1838 3359 Vitellio
1873 3293 1960 3358 Iovis

410 3382 479 3465 gri,
507 3383 723 3451 observantur
749 3390 818 3475 ipsa
837 3393 932 3456 eliam
950 3393 1020 3455 lora
1034 3393 1155 3476 depen-

409 3483 533 3560 dentia,
564 3507 645 3569 quae
675 3493 885 3575 paraetonium
911 3494 1019 3556 cinctu
1045 3491 1085 3556 ad
1111 3495 1156 3554 la·

406 3600 457 3648 tus
495 3583 684 3672 iirmabant,
715 3595 803 3681 quod
832 3595 937 3681 ipsum
981 3595 1155 3665 Bimardus

408 3709 539 3773 quoque
551 3689 584 3749 iu
598 3695 704 3758 numis
726 3695 796 3760 aliis
815 3717 851 3760 se
870 3697 1081 3774 observasse,
1102 3695 1155 3759 ad·

408 3788 516 3852 firmat
539 3785 583 3872 ¹¹).
623 3796 739 3881 Neque
757 3813 864 3863 tamen
882 3801 1091 3884 parazonium
1107 3802 1155 3862 aie

406 3895 469 3959 suta
503 3911 556 3960 aut
582 3899 728 3976 virtutis,
766 3915 820 3964 aut
845 3903 980 3965 honoris
1006 3901 1153 3985 insigne,

407 4011 444 4060 ut
469 4021 534 4062 non
556 4001 652 4063 etiam
678 3999 719 4063 ad
742 4001 885 4065 infimum
909 4021 1075 4090 quemque
1096 4000 1156 4064 rui·

410 4099 522 4178 litem,
548 4101 639 4164 velut
659 4104 845 4168 necessaria
867 4126 972 4181 arma,
1008 4105 1154 4190 pertine·

410 4215 474 4266 tet.
522 4201 632 4266 Missis
660 4204 801 4287 copiosis
824 4205 983 4290 exemplis
1005 4206 1077 4270 aliis
1106 4209 1154 4291 ju·

407 4303 474 4377 beo
493 4305 656 4369 lectorem
678 4305 888 4369 considerare
920 4308 1057 4372 militem
1080 4331 1155 4393 gre·

411 4407 556 4490 gauium,
586 4407 692 4492 quiin
712 4423 884 4490 segmento
906 4405 1065 4473 inferiore
1082 4411 1155 4472 illu·

1213 3389 1387 3476 Capitoliui
1419 3403 1530 3474 typum
1565 3393 1706 3469 loetum,
1752 3413 1818 3478 quo
1854 3396 1960 3478 palam
1995 3439 1998 3443 ⁷

1213 3494 1358 3568 faceret,
1397 3492 1467 3574 ejus
1505 3493 1560 3556 dei
1591 3486 1751 3578 templum
1787 3492 1879 3556 nulla
1906 3515 1963 3558 sua

1214 3595 1308 3675 eulpa
1333 3592 1468 3671 arsisse,
1496 3608 1593 3680 atque
1614 3619 1634 3659 a
1655 3617 1691 3658 se
1713 3615 1791 3658 mox
1810 3594 1964 3659 resedib-

1213 3695 1361 3758 eandum.
1378 3752 1383 3757 ,
1399 3695 1473 3758 Νοιι
1498 3697 1712 3763 adverterent
1734 3696 1797 3761 viri
1821 3696 1962 3774 eruditi,

1211 3809 1327 3860 numos
1359 3798 1420 3860 bos
1445 3795 1542 3882 bujus
1573 3798 1711 3862 obtentu
1738 3819 1855 3864 causae
1881 3808 1962 3886 prb·

1211 3911 1286 3982 pter
1316 3899 1472 3982 temporis
1504 3900 1666 3984 angustias
1687 3899 1783 3962 feriri
1804 3921 1873 3964 noa
1900 3921 1960 3985 po·

1210 3996 1322 4064 tuisse.
1365 4001 1430 4063 Die
1451 3998 1569 4069 xvnt.
1600 4001 1797 4066 Decembris
1824 3991 1957 4069 Flavius

1212 4101 1350 4164 Sabinus
1369 4125 1388 4166 a
1403 4102 1588 4170 Vitellianis
1609 4104 1762 4168 obsessus
1779 4117 1830 4167 est
1846 4103 1881 4166 ia
1900 4095 1961 4168 <ia-

1211 4203 1328 4286 pitolio
1344 4205 1384 4282 a),
1409 4202 1575 4269 Postridie
1592 4206 1687 4269 ardet
1703 4204 1900 4290 Capitolium
1915 4205 1962 4288 δ).

1211 4302 1262 4368 lle
1294 4305 1401 4370 audita
1428 4305 1621 4390 Vespasiani
1644 4305 1784 4383 milites,
1812 4306 1869 4393 qui
1893 4321 1963 4370 stou

1210 4405 1311 4489 longe
1328 4407 1368 4470 ab
1383 4409 1465 4472 urbe
1481 4409 1634 4485 aberant,
1656 4407 1853 4487 adcurrunt,
1883 4429 1967 4473 eon·

412 4509 487 4571 stris
504 4531 652 4594 gemmae
675 4511 861 4591 Augusteae
887 4511 991 4572 musei
1006 4511 1159 4575 Caesarei
1216 4497 1340 4591 digitur
1363 4497 1397 4573 iri
1430 4511 1529 4588 urbe,
1557 4504 1712 4578 Vitellius
1737 4509 1897 4586 tineltar,
1931 4523 1969 4573 et

408 4609 574 4698 'erigendo
615 4625 752 4695 tropaeo
787 4626 981 4695 occupatur,
1021 4610 1054 4674 in
1093 4635 1158 4697 quo
1216 4626 1372 4689 noratur,
1406 4633 1489 4699 quae
1531 4611 1639 4696 omnia
1667 4613 1839 4709 configere
1876 4609 1967 4675 intra

451 4819 766 4894 s)t.txvttt.s.16.
802 4820 838 4894 b)
857 4821 1019 4882 adlabere.
1036 4823 1103 4885 Μ.
1122 4834 1227 4902 patr.
1264 4827 1295 4898 a)
1314 4823 1408 4880 Tacit.
1421 4815 1488 4879 liist
1507 4823 1558 4881 ttt.
1574 4825 1618 4888 61.
1634 4837 1695 4896 seq.
1733 4821 1769 4893 d)
1788 4819 1971 4884 mittero.
