4267 5500
271 458 284 503 l

846 554 1050 629 TIT-VS·
1283 662 1288 672 .
1643 568 1716 647 302

159 728 232 811 ejus
260 740 420 801 mortem,
447 743 530 809 quac
557 724 593 785 iu
618 720 806 808 Septembri
833 723 910 787 anui
967 722 1115 787 Caesaris
1141 723 1248 789 numia
1274 739 1462 790 constanter
1491 733 1722 815 postpositam,

158 830 327 915 sequentis
344 825 501 911 contigit,
525 844 735 911 percussum
756 847 830 888 nam
853 846 910 891 ue·
968 822 1089 889 deinde
1105 824 1139 887 iu
1157 826 1227 909 ejus
1245 826 1383 911 Augusti
1407 831 1513 894 numia
1536 854 1717 917 praepone·

159 950 225 1021 que
251 930 329 997 trib.
356 943 501 1014 potestus
524 929 581 1005 li,
607 948 715 1014 nequa
735 928 808 1005 ttt,
839 928 910 1013 qui·
967 940 1078 1004 retur,
1121 927 1389 1015 scribereturque
1425 946 1585 1017 perpetua
1623 937 1716 1022 lege:

156 1032 220 1097 bus
239 1053 302 1117 per
316 1030 408 1095 iatud
426 1029 635 1095 intervallum
651 1029 818 1114 praeditus
835 1030 910 1107 fuit,
967 1030 1056 1092 ttss’.
1084 1030 1225 1099 TITVS.
1251 1031 1375 1098 CAES.
1408 1047 1471 1099 stc.
1515 1036 1550 1097 Si
1578 1038 1634 1121 qui
1660 1060 1719 1102 uu·

159 1135 301 1221 amplius
325 1134 362 1194 in
389 1132 460 1195 ullo
487 1145 719 1199 memorantur.
762 1132 816 1196 ad
843 1132 908 1197 lrou
967 1129 1013 1193 mi
1030 1129 1127 1198 aliam
1143 1146 1323 1218 sequuntur
1340 1136 1468 1219 legem,
1489 1136 1600 1211 sic,ut
1624 1138 1717 1203 Titne

158 1257 242 1323 ergo
278 1250 408 1319 tempus
436 1254 586 1317 maguam
613 1247 740 1317 partem
764 1235 911 1321 pertine·
968 1234 1089 1297 Caesar
1113 1234 1242 1297 dicatur
1268 1237 1359 1301 mr.
1384 1240 1534 1313 TlTV8‚
1567 1251 1602 1301 et
1625 1238 1720 1303 Titus

157 1340 240 1402 bunt
263 1338 305 1415 ii,
328 1357 427 1423 quos,
453 1336 529 1421 quia
551 1337 641 1398 uotis
663 1336 909 1421 chronologicis
967 1337 1135 1417 Angustus
1162 1338 1293 1407 TITVS
1319 1338 1430 1417 ttae,
1460 1352 1585 1403 certam
1611 1354 1720 1405 metus

159 1450 291 1515 carent,
315 1458 417 1522 vagos
438 1436 606 1523 appellare
631 1436 736 1503 soleo.
776 1438 911 1523 Copiosi
966 1434 1091 1499 fraudis
1114 1437 1355 1522 cornicinum,
1385 1452 1441 1503 aut
1462 1446 1597 1504 numum
1627 1454 1719 1507 extra

158 1555 270 1605 autem
291 1553 367 1603 suut
392 1540 489 1604 aenei
511 1540 538 1604 Ι.
561 1550 596 1603 et
615 1540 656 1606 ll.
678 1538 805 1605 formae
831 1554 910 1605 uota
967 1537 1087 1601 urbem
1113 1538 1276 1622 signatum
1306 1553 1394 1626 puta.
1434 1540 1481 1603 lta
1505 1540 1721 1605 Alexandrini

158 1642 347 1707 consulatus
371 1642 461 1711 Vlll.
487 1640 652 1725 insigues,
679 1642 736 1726 qui
761 1641 848 1706 cadit
875 1642 910 1703 in
968 1638 1074 1703 miuus
1091 1640 1242 1725 religiosi
1256 1642 1489 1723 Αυτιιρατορος
1505 1641 1635 1707 titulum
1653 1645 1720 1707 Titi

157 1764 280 1809 nuum
309 1754 501 1829 unumque,
538 1762 658 1827 nempe
689 1745 733 1812 V.
766 1744 804 1810 C.
834 1742 908 1820 833,
967 1741 1092 1805 nomini
1108 1742 1228 1827 passim
1246 1762 1481 1828 praeposuere.
1510 1743 1601 1808 idem
1627 1767 1720 1831 prae·

158 1860 194 1911 et
218 1845 294 1922 834.
606 1857 612 1871 “
967 1843 1080 1927 ligitur
1096 1843 1130 1905 in
1151 1843 1257 1907 numia
1275 1844 1442 1928 inscriptis
1454 1838 1627 1907 ΕΤΟΤΣ.
1641 1842 1722 1908 NE·

200 1951 335 2011 Aeueos
351 1948 408 2009 111.
423 1945 480 2011 rel
493 1946 552 2013 lV.
564 1943 709 2024 formae,
725 1945 815 2033 quud
833 1948 912 2011 cari·
967 1939 1043 2007 OT.
1062 1936 1221 2021 IEPOT,
1244 1958 1313 2009 tum
1335 1958 1370 2009 ct
1387 1946 1422 2009 iu
1445 1944 1597 2023 denario,
1621 1966 1719 2031 quam

159 2062 243 2127 stet,
262 2061 396 2113 moneta
410 2048 479 2112 Titi
494 2067 562 2113 uon
580 2045 694 2112 offert.
953 2042 1129 2129 'descripsi
1148 2045 1189 2109 sd
1202 2046 1244 2113 V.
1262 2046 1298 2112 C.
1314 2048 1395 2123 824,
1409 2046 1470 2111 aad
1489 2048 1545 2132 qui
1562 2047 1721 2113 reficimi-

966 2146 1046 2209 liter
1057 2146 1202 2229 ιίςιιιιιι
1216 2160 1266 2211 est
1277 2148 1413 2233 Ephesi.
1435 2150 1488 2212 Da
1503 2149 1637 2213 denario
1647 2150 1717 2212 Titi

365 2266 539 2347 Tituli
585 2266 714 2344 Titi,
968 2248 1199 2333 Augusticum
1217 2248 1400 2333 postposito
1416 2251 1506 2315 IMP.
1523 2249 1618 2329 vide,
1635 2273 1718 2336 quae

968 2350 1011 2413 ad
1028 2370 1147 2413 annum
1161 2350 1204 2417 V.
1223 2344 1336 2417 (3.839
1356 2352 1551 2416 monuerim.

407 2459 666 2541 Imperator.
1012 2450 1205 2545 Quaesitum
1228 2452 1268 2517 ab
1292 2454 1428 2517 eruditis
1450 2474 1588 2539 maguae
1615 2454 1721 2519 famae

201 2560 310 2645 liujus
323 2560 411 2625 tituli
427 2558 517 2627 varia
531 2558 593 2621 fuit
608 2557 642 2619 iu
662 2556 739 2622 Tito
754 2557 854 2634 ratio,
877 2570 912 2621 et
968 2553 1068 2631 viris,
1105 2576 1145 2619 au
1178 2554 1292 2619 titulus
1322 2554 1530 2640 imperatoris
1559 2556 1636 2620 Titu
1669 2556 1725 2621 ad-

159 2666 201 2729 at
227 2665 372 2729 omnium
401 2662 541 2729 aliorum
562 2660 737 2725 Caesarum
762 2658 910 2723 instituto
968 2656 1034 2720 ltuc
1064 2656 1197 2719 Caesari
1227 2654 1354 2721 additus
1384 2657 1531 2736 indicet,
1564 2657 1676 2722 Titum
1704 2682 1723 2723 a

160 2766 333 2834 abludent-
355 2769 491 2832 Eecam:
969 2773 1063 2844 patre
1097 2758 1256 2822 adscitum
1283 2759 1318 2820 iu
1349 2759 1498 2844 imperio
1528 2746 1727 2844 conlegam,

203 2871 246 2936 V.
264 2871 302 2936 C.
317 2871 392 2935 aaa.
410 2869 472 2934 eae
483 2911 499 2944 ,
514 2863 723 2950 imperaturis
739 2861 836 2926 titulo
855 2861 911 2926 ab·
969 2881 1011 2924 an
1025 2858 1232 2943 imperatoris
1246 2857 1409 2922 honorem
1425 2861 1489 2926 aia
1506 2859 1651 2924 victoriis
1668 2860 1724 2925 de·

161 2975 271 3038 aginat,
968 2961 1095 3038 latum,
1116 2959 1158 3024 de
1181 2979 1246 3044 quo
1272 2960 1378 3024 altero
1404 2962 1507 3026 titula·
1528 2986 1605 3028 mox
1636 2966 1722 3030 iufra

204 3077 244 3140 V.
269 3074 306 3139 C.
322 3075 405 3152 Bau,
434 3073 470 3133 in
492 3071 599 3134 numia
621 3068 720 3154 primi
742 3063 911 3129 semestris
968 3077 1096 3146 agetur.
1141 3060 1241 3124 Prior
1266 3061 1427 3126 sententia
1452 3064 1522 3126 sinc
1549 3065 1648 3131 dubia
1674 3082 1722 3132 te·

162 3177 282 3242 dicitur
306 3175 431 3240 CAES.
448 3173 593 3238 nesto.
613 3171 722 3246 mr..
744 3189 805 3232 seu
826 3169 912 3230 desi·
968 3165 1077 3230 nensla
1099 3162 1309 3228 suadentibus
1332 3164 1419 3228 istud
1439 3187 1514 3230 cum
1537 3168 1720 3256 historicis,

158 3291 286 3363 gnatus
302 3282 498 3362 inoperatur,
521 3275 564 3338 de
582 3293 646 3358 quo
663 3269 739 3336 ride
758 3288 840 3354 quae
864 3265 913 3329 ‹ti-
970 3282 1039 3331 tum
1058 3267 1176 3331 rumis.
1205 3265 1333 3330 Plinius
1353 3267 1494 3354 loquens
1514 3269 1556 3336 de
1580 3291 1720 3337 censura

162 3383 271 3444 ximus
299 3377 336 3441 iu
363 3389 496 3442 moneta
521 3373 714 3460 Vespasiani
748 3370 790 3435 ad
824 3371 910 3432 huuc
968 3393 988 3434 a
1012 3369 1215 3454 Vespasiano
1247 3369 1289 3436 V.
1315 3370 1353 3436 C.
1385 3369 1448 3434 ileu
1477 3386 1565 3450 acta,
1600 3375 1722 3458 quique

162 3503 293 3548 aunum.
337 3481 374 3544 lu
397 3478 513 3552 numia,
530 3475 679 3562 ejusaem
703 3473 778 3539 anui
804 3472 911 3535 serius
968 3472 1033 3536 hoo
1047 3471 1120 3556 ipsu
1138 3485 1290 3554 tempore
1305 3471 1487 3536 naturalem
1511 3495 1601 3538 auam
1622 3475 1724 3540 histo-

162 3585 297 3671 siguatis
318 3595 454 3648 rucatur
476 3582 517 3647 T.
541 3579 629 3642 tur.
652 3575 843 3650 CAESAR,
871 3593 909 3636 ae
967 3573 1050 3638 riam
1072 3571 1218 3655 scripsit,
1243 3571 1288 3636 ait
1306 3575 1352 3654 0)ι
1383 3574 1531 3650 Caum,
1555 3597 1650 3654 quarn
1669 3583 1721 3642 in·

162 3687 343 3770 damasus,
376 3681 483 3748 ‹luueu
511 3683 680 3768 Augustus
710 3675 814 3740 (lictus
848 3688 910 3751 sat,
967 3689 1023 3738 tra
1040 3675 1297 3756 quadriennium
1317 3676 1545 3755 imperatorer
1562 3675 1723 3740 Caesarea

162 3779 911 3856 aomuusatdiairarzr.ca138.1ntr.aaa·
970 3777 1194 3860 Vespasiani,
1217 3785 1334 3857 pater,
1371 3771 1535 3858 filiusque
1570 3795 1723 3840 censores

163 3889 358 3958 cedentibus
382 3886 519 3972 reliquis
545 3884 658 3949 titulis.
704 3881 757 3945 Ab
783 3899 824 3945 eu
852 3877 913 3942 eti·
967 3889 1116 3959 egerunt.
1138 3877 1233 3961 Ergo
1253 3873 1464 3960 imperatoris
1486 3895 1608 3940 nomen
1633 3897 1721 3941 com·

163 4017 217 4060 sus
235 4008 389 4077 ternpore
413 4001 601 4053 constanter
618 3997 715 4070 caput
729 3983 910 4046 laureatum
968 3997 1067 4041 muna
1082 3975 1145 4040 tuit
1159 3989 1224 4042 tam
1237 3976 1337 4062 patri,
1351 3997 1446 4062 quam
1460 3977 1541 4042 filio.
1565 3979 1641 4042 Tito
1654 3981 1718 4044 Ro·

164 4095 333 4182 praefert,
358 4110 552 4178 quamquam
575 4086 673 4152 etiam
699 4082 888 4149 radiatum
878 4103 913 4144 ιιι
969 4101 1057 4144 mam
1072 4077 1206 4156 reduci,
1222 4101 1296 4144 cum
1312 4079 1444 4144 adhue
1434 4101 1469 4142 au
1487 4080 1606 4145 itincre
1620 4093 1719 4156 esset,

164 4199 316 4284 pluribus
329 4195 442 4260 aeneis
461 4195 515 4258 11.
522 4189 649 4253 formae
673 4187 797 4263 numia,
821 4197 913 4249 ceste
970 4179 1237 4259 nnciatumsuit,
1251 4184 1505 4246 essesellomae
1518 4181 1718 4244 nominatum

165 4319 332 4385 uunquam
346 4295 479 4360 nudum.
969 4283 1220 4366 imperatorem,
1251 4297 1288 4346 ut
1309 4283 1415 4346 refert
1434 4285 1650 4348 Philostratus
1673 4281 1719 4366 b).

207 4402 251 4469 V.
279 4400 316 4462 C.
344 4399 419 4463 eea.
471 4395 564 4458 Titus
587 4393 769 4475 Argutus,
805 4401 841 4452 et
866 4386 913 4450 sa·
969 4387 1078 4470 Atque
1099 4381 1142 4448 de
1162 4383 1248 4450 hac
1238 4385 1369 4470 imperii
1387 4385 1542 4450 serietate
1561 4385 1718 4472 capiunda

167 4519 256 4586 etum
274 4516 363 4576 tutu,
387 4511 424 4562 ut
438 4519 475 4560 ra
490 4480 612 4560 llss’.
602 4515 637 4556 m
655 4491 821 4578 prioribus
846 4489 914 4552 Titi
971 4484 1317 4552 tuutrerbaSuetonii
1331 4488 1379 4568 0)
1396 4505 1498 4566 napus
1511 4507 1556 4552 aa
1570 4495 1721 4562 aa(uem-

166 4609 1717 4646 --—--—--—-------—-·÷—-

206 4694 237 4763 a)
256 4691 289 4747 t.
304 4688 369 4748 Vll.
384 4707 415 4764 p.
428 4697 494 4752 tos.
568 4685 605 4758 b)
624 4683 659 4740 iu
669 4679 769 4758 Apoll.
782 4677 877 4754 Tyau.
893 4677 926 4736 t.
940 4675 979 4738 V.
998 4695 1024 4736 c.
1038 4689 1085 4742 30.
1159 4676 1190 4745 c)
1210 4675 1241 4731 iu
1257 4673 1323 4732 Tito
1339 4693 1364 4732 c.
1381 4677 1409 4737 ὁ.

214 4782 309 4864 (Vol.
327 4780 404 4858 VI.)
1425 4767 1450 4826 Z
1474 4788 1491 4828 z
