4267 5500
443 577 516 658 roa
603 541 612 556 '
1014 567 1422 646 onnnamovs.

447 743 614 830 quiscum
632 740 712 826 cajo
728 740 874 823 Caligula
899 688 1044 824 partibus
1068 752 1119 804 est
1137 759 1191 804 re·
1253 739 1321 802 Tib.
1335 737 1463 802 Caesar
1479 735 1588 802 Drusi
1608 735 1770 802 Caesaris
1779 735 1815 802 F.
1829 734 1891 800 luc
1907 736 1997 801 situs

446 847 544 910 lictus
567 846 616 925 ¹,)
650 856 684 906 et
711 863 847 907 consors
876 842 1008 925 imperii
1037 842 1192 907 constatu-
1247 835 1356 922 ests).

447 961 500 1009 tus
519 943 564 1028 ¹³).
595 945 721 1013 Veram
743 945 826 1008 bane
844 943 971 1006 Tiberii
991 946 1191 1010 voluntatem

448 1046 634 1132 Caligula
624 1046 798 1130 imperium
827 1044 964 1131 adeptus
993 1066 1073 1109 mox
1100 1065 1192 1110 asna·
1547 1021 1693 1088 Num-¹

446 1149 649 1214 tuaconaulto
678 1149 798 1212 evertit
822 1146 958 1212 fratre
948 1149 1089 1234 imperio
1115 1166 1194 1210 exu-
1312 1140 1423 1228 Capita
1441 1141 1584 1218 Tiberii,
1606 1157 1639 1206 et
1655 1143 1695 1204 Ν.
1713 1141 1905 1207 Amaltheae
1923 1161 1997 1206 cor·

446 1265 500 1328 to,
522 1249 688 1334 adoptarit
706 1270 782 1312 eum
801 1263 926 1328 umen,
948 1271 987 1314 ao
1007 1249 1192 1334 principem
1248 1245 1306 1309 nui
1322 1247 1488 1329 imposita,
1503 1245 1626 1332 absque
1643 1257 1750 1328 tamen
1766 1243 1995 1330 inscriptione,

445 1352 624 1434 juventutis
652 1350 733 1413 dixit
757 1351 808 1432 ),
848 1351 907 1422 aed
939 1373 1026 1442 mox!
1048 1351 1193 1436 quaesita
1251 1360 1442 1431 comparent
1471 1345 1504 1408 ia
1532 1345 1638 1408 nnmis
1670 1349 1782 1412 aeneia
1812 1349 1837 1412 t
1868 1345 1996 1410 formae

446 1473 542 1517 eauaa
562 1451 731 1515 interfecit
747 1453 788 1518 V.
805 1451 843 1518 C.
858 1471 923 1535 79⁰
938 1450 982 1536 t¹).
1002 1455 1097 1537 Lege
1117 1452 1193 1514 Phi·
1250 1449 1350 1513 Drusi
1367 1447 1516 1512 Caesarie
1530 1448 1648 1532 patria,
1672 1469 1753 1534 quoa
1771 1469 1871 1534 supra
1886 1449 1922 1512 in
1939 1449 1998 1512 luu-

321 1589 324 1599 ·
446 1553 558 1618 ionem
585 1551 741 1616 iudaeum
768 1552 937 1618 infelicem
967 1555 1095 1638 juranis
1126 1553 1193 1618 exi·
1249 1551 1301 1638 jus
1316 1561 1447 1615 moneta
1464 1549 1633 1636 descripsi.

445 1669 514 1718 tem
535 1654 658 1738 tragice
678 1651 918 1718 describentem
936 1656 977 1737 ο).
998 1656 1097 1741 Lapis
1117 1677 1195 1740 pro·
1293 1652 1492 1738 ‘Vtriusque
1507 1652 1605 1714 etiarn
1622 1663 1718 1736 eaput
1732 1649 1767 1714 in
1781 1673 1883 1717 numo
1898 1649 2000 1718 Grae·

446 1777 489 1838 pc
509 1769 634 1838 portam
650 1756 844 1820 Flaminiam
863 1778 970 1840 nuper
988 1757 1127 1821 effossus
1146 1760 1194 1820 in·
1250 1775 1289 1820 co
1309 1753 1425 1820 sidero
1446 1753 1506 1816 sibi
1528 1757 1613 1818 uisus
1637 1769 1687 1817 est
1705 1755 1914 1831 Harduinua,
1940 1754 1998 1818 aed

446 1858 580 1921 felicem
597 1855 684 1921 bunc
703 1859 947 1921 adolescentem
966 1878 1007 1923 eo
1023 1859 1099 1923 locu
1115 1859 1192 1922 fuis·
1250 1843 1555 1944 quamacutentiam
1570 1877 1669 1940 supra
1683 1854 1718 1918 in
1733 1855 1885 1940 ejusdcm
1898 1857 2000 1922 Drusi

447 1980 483 2030 ae
504 1958 669 2048 sepultum
690 1958 828 2026 testatur
848 1958 914 2025 bon
940 1945 1191 2050 epigrammate:
1248 1959 1355 2026 numia
1373 1955 1551 2024 confutavi.

1026 2238 1420 2308 GERMANIOVS.

511 2408 611 2468 Natus
627 2408 737 2468 Druso
752 2405 900 2484 seniore,
923 2419 957 2470 st
975 2405 1116 2472 Antonia
1134 2407 1193 2469 mi·
1248 2423 1385 2470 morere
1412 2399 1570 2478 volentia,
1603 2400 1739 2486 cupivit,
1770 2395 1930 2478 minat'sa,
1961 2403 1995 2464 ni

447 2527 529 2570 nure
552 2509 594 2574 Ν.
613 2508 650 2571 C.
671 2505 753 2588 739,
789 2528 863 2568 nam
890 2509 931 2575 Ν.
949 2508 986 2570 C.
1008 2527 1091 2593 772,
1126 2529 1191 2594 quo
1248 2507 1438 2583 absisteret,
1469 2525 1504 2568 se
1532 2503 1566 2564 in
1594 2503 1644 2566 aui
1671 2503 1806 2578 caedem
1830 2517 1996 2589 paratum,

447 2621 597 2670 mortona
637 2620 708 2686 eat,
758 2606 876 2690 agebat
917 2629 1035 2671 annum
1079 2611 1194 2674 aetatis
1249 2623 1345 2693 atque
1370 2606 1483 2672 effecit
1502 2607 1696 2684 constantia,
1723 2619 1760 2671 nt
1783 2605 1870 2668 baud
1893 2605 1997 2668 multo
2111 2597 2112 2642 l

448 2709 581 2774 xxxtt.
606 2711 647 2790 t).
684 2709 871 2772 Germanici
898 2730 1019 2774 nomen
1048 2712 1147 2775 traxit
1173 2734 1192 2775 a
1248 2724 1324 2796 post
1358 2709 1392 2773 in
1429 2707 1555 2771 'liberii
1588 2707 1689 2772 rerba
1724 2707 1861 2789 juraret.
1905 2708 2005 2804 Quae
2111 2712 2112 2723 ’

447 2826 541 2896 patre
564 2814 693 2887 Druso,
723 2823 759 2873 ut
785 2832 885 2895 supra
908 2813 943 2873 in
968 2814 1064 2897 hujus
1086 2814 1192 2876 numia
1252 2812 1390 2877 subinde
1432 2810 1619 2879 continuato
1661 2810 1857 2885 Germaniae
1900 2810 2000 2885 :bello

448 2914 581 2976 dictum.
624 2914 665 2979 V.
689 2912 725 2976 G.
750 2914 815 2995 757
846 2913 1015 2997 adoptatus
1046 2937 1064 2977 a
1097 2915 1196 2978 Tibe·
1253 2914 1423 3000 praeclare
1446 2912 1610 3009 gesserit,
1629 2930 1775 2997 quosque
1797 2914 1876 2976 inde
1901 2914 2002 2977 buno·

448 3016 500 3077 rio
523 3012 662 3098 Augusti
683 3014 790 3096 jussu,
813 3014 933 3077 Caesar
949 3016 1077 3079 Tiberii
1098 3016 1197 3093 lilius,
1254 3032 1314 3080 rea
1331 3015 1519 3092 abstulerit,
1549 3013 1583 3075 in
1605 3012 1732 3076 Tiberii
1758 3015 1931 3079 annalibus
1957 3014 2004 3077 di·
2110 3010 2111 3030 A

450 3118 590 3199 Augusti
618 3132 724 3198 nuper
748 3114 909 3197 appellari
934 3117 1054 3199 coepit.
1098 3118 1139 3184 Ν.
1158 3112 1196 3185 C.
1257 3130 1347 3202 gesta
1384 3131 1468 3182 aunt
1511 3117 1552 3183 V.
1575 3117 1612 3179 C.
1639 3136 1700 3199 771
1721 3118 1850 3180 consul
1881 3118 2003 3181 iterum

450 3216 513 3298 700
529 3230 737 3308 quaesturam
751 3214 848 3289 obiit,
868 3229 903 3279 et
918 3217 1055 3281 Tiberio
1072 3218 1113 3281 ad
1129 3218 1199 3281 bel·
1256 3217 1342 3302 apud
1364 3217 1539 3303 Nicopolin
1559 3217 1703 3281 Achaiae
1728 3218 1881 3301 procedit
1903 3216 1946 3301 ¹),
1972 3235 2005 3283 ct

450 3318 520 3378 lum
536 3314 753 3377 Dalmaticum
781 3315 926 3379 aubaidio
944 3320 1061 3382 missua
1082 3332 1134 3383 eat
1152 3316 1199 3401 ¹¹).
1256 3320 1389 3405 quidem
1413 3322 1551 3403 conlega
1572 3317 1727 3393 Tiberio,
1759 3320 1943 3404 missusque
1971 3321 2002 3383 iu

452 3420 503 3481 Es
525 3416 624 3479 rebus
646 3414 711 3481 boc
730 3416 821 3479 belle
843 3419 1012 3500 praeclare
1030 3422 1132 3505 gestis
1152 3422 1201 3483 in·
1257 3420 1430 3483 Orientem
1454 3422 1618 3485 Artaxiam
1644 3420 1821 3484 Armeniae
1843 3421 2003 3505 praeficit,

452 3521 557 3605 signia
581 3518 805 3602 triumphalia,
831 3526 865 3582 et
889 3522 1071 3605 praetorios
1096 3522 1201 3587 bono·
1256 3521 1495 3608 Cappadociam
1522 3536 1555 3585 ct
1583 3522 1838 3607 Commagenen
1865 3522 1901 3586 in
1930 3546 2003 3611 pro·

452 3622 652 3687 rea-meruit
673 3620 718 3686 Ν.
728 3620 768 3683 (l.
787 3620 851 3703 763
872 3621 909 3707 ἰ).
939 3624 1038 3687 Anno
1061 3646 1200 3711 sequen·
1256 3622 1395 3688 vinciam
1417 3623 1556 3709 redigit,
1579 3622 1619 3691 Ν.
1640 3624 1675 3686 C.
1692 3644 1754 3706 772
1777 3624 1950 3708 proiectus
1969 3612 2011 3689 in¹

445 3741 485 3791 tc
515 3747 577 3789 una
607 3748 681 3790 cunr
711 3725 849 3791 Tiberio
879 3726 1107 3810 proconsulari
1141 3728 1199 3790 im·
1255 3726 1440 3810 Aegyptum
1499 3726 1747 3808 cognomendae
1803 3729 2003 3815 antiquitati·

450 3828 548 3913 perio
571 3828 604 3890 in
629 3828 837 3893 Germaniam
861 3827 903 3892 ad
924 3828 1115 3913 expiandam
1133 3832 1198 3897 Νι·
1255 3845 1366 3905 eausa,
1395 3848 1437 3891 eu
1466 3826 1528 3891 bac'
1555 3830 1589 3891 in
1619 3830 1763 3911 Syriam,
1790 3830 1923 3893 Piaonia
1945 3830 2003 3915 sy-

452 3930 637 3995 ricaedem
657 3930 906 4013 impressionem
927 3930 1006 3993 facit
1024 3926 1069 4009 ¹¹).
1101 3930 1141 3998 Ν.
1158 3933 1195 3997 Ο.
1254 3927 1322 3991 siae
1341 3929 1516 4012 praelecti,
1543 3929 1677 4015 ejusque
1696 3929 1806 3995 axoris
1823 3930 2000 3997 Plancinae

454 4037 517 4118 7⁶5
533 4032 664 4111 consul,
689 4033 752 4114 767
771 4031 832 4094 aab
850 4030 989 4116 Augusti
1008 4030 1133 4095 exitum
1150 4030 1199 4095 le·
1253 4028 1404 4112 injuriae,
1432 4032 1664 4109 contumelias,
1692 4034 1794 4096 malas
1814 4046 1906 4097 artes
1927 4054 2001 4119 per·

455 4134 608 4223 gionibua
622 4130 708 4218 apud
722 4130 875 4197 liberum
893 4134 1063 4218 imponitur
1080 4134 1199 4199 utrius·
1254 4152 1385 4217 pessus,
1417 4154 1525 4218 neque
1552 4153 1745 4219 quecunque
1771 4134 2000 4207 moderatione

454 4258 519 4325 que
569 4236 733 4301 exercitas
781 4235 976 4300 seditionem
1027 4236 1198 4301 Tiberium
1255 4234 1424 4307 declinare
1462 4234 1573 4301 valens
1609 4234 1642 4297 iu
1681 4236 1834 4299 morbum
1872 4238 2003 4315 incidit,
2106 4226 2107 4252 ¹

455 4342 652 4419 aversantis,
672 4353 769 4425 atque
789 4338 966 4424 ipsummet
985 4337 1125 4421 imperio
1145 4338 1200 4402 ad·
1257 4338 1348 4421 cujas
1377 4337 1444 4401 rim
1472 4334 1610 4423 augebat
1637 4338 1807 4419 persuasio
1837 4341 1957 4409 veneni
1983 4362 2006 4406 a
2105 4404 2106 4407 ,

451 4466 2008 4495 W
2105 4466 2106 4483 t

494 4534 526 4605 a)
545 4522 901 4604 Suet.i1i'Tib.cap.ult.
973 4522 1009 4599 b)
1027 4522 1216 4605 DioLLIli.
1233 4528 1296 4595 §.t.
1320 4522 1405 4584 Philo
1422 4524 1562 4603 delegat.
1579 4526 1746 4601 adCajum.
1823 4529 1855 4599 e)
1877 4526 2005 4585 Suetius

460 4621 652 4700 caligans.
671 4617 727 4674 Diu
745 4614 943 4689 numen,
1050 4614 1086 4689 d)
1106 4614 1234 4672 Suetin
1249 4612 1556 4679 Cal.c.os.Diul.c.
1664 4618 1697 4687 e)
1716 4616 1819 4692 Legat.
1839 4608 1885 4672 ad
1898 4616 2007 4695 Caium
2104 4664 2105 4685 ,

457 4711 632 4787 pedorem
704 4706 874 4783 OFoggini
889 4702 1077 4762 FastiVem'i
1090 4724 1120 4781 p.
1133 4716 1192 4769 252.
1267 4706 1299 4779 g)
1319 4704 1523 4763 suentnCut.
1540 4718 1599 4767 ct.
1672 4706 1708 4781 b)
1725 4705 1905 4769 niumm.
1923 4710 2008 4781 §.ih

460 4801 487 4873 i)
506 4799 562 4855 ltin
576 4798 609 4855 L.
619 4796 694 4859 LVl.
711 4800 738 4868 §.
749 4808 791 4859 17.
862 4794 901 4898 kp
916 4794 973 4853 Dio
987 4792 1007 4851 l.
1018 4812 1043 4856 c.
1059 4796 1140 4867 §.ta
1213 4792 1239 4869 l)
1259 4794 1330 4853 Tac.
1341 4795 1419 4853 Anu.
1429 4794 1465 4855 11.
1479 4806 1524 4861 53.
