4267 5500
788 487 1117 565 TRAIANVS.
1648 513 1720 585 451

168 681 273 742 neque
286 661 632 746 illuddcllumflrirse
646 659 782 743 duplex.
795 663 842 724 II.
855 665 917 726 Vr·
975 663 1009 724 in
1023 665 1164 729 Parthos
1180 663 1297 742 esitus,
1310 665 1405 750 prior
1416 667 1452 730 in
1467 667 1638 734 consulatu
1652 664 1723 755 ej'us

166 763 359 828 sisimils'ter
375 783 464 825 arrno
485 765 526 829 V.
543 763 577 826 C.
592 760 657 843 867
677 755 855 844 Traianum
872 765 919 827 ed
974 767 1033 846 V.,
1055 769 1139 831 alter
1156 769 1213 834 VI.
1603 825 1609 838 .
1669 829 1673 836 .

393 864 483 930 illust
495 865 692 948 profectura.
1035 869 1129 932 Haec
1147 869 1352 935 'l’illomontii
1369 887 1578 956 argumenta,
1602 887 1675 940 utut
1689 875 1725 940 in

974 970 1119 1054 tpcciem
1140 973 1264 1051 valida,
1290 973 1388 1038 facile
1414 987 1524 1038 tamen
1553 997 1626 1040 cum
1652 998 1725 1062 gra·

236 1072 262 1132 1.
292 1067 451 1130 Eruditus
470 1065 660 1133 historias
650 1065 781 1153 imperii
799 1069 918 1134 lisma-
974 1071 1122 1134 rioribus
1158 1088 1342 1158 comparata
1374 1076 1441 1141 sim
1473 1086 1605 1142 omnem
1635 1080 1725 1144 amit·

165 1172 203 1234 ni
226 1169 370 1256 scriptor
392 1167 622 1234 Tillemontius
646 1172 776 1256 prolixe
799 1155 918 1255 proba·
975 1186 1057 1238 tunt.
1100 1175 1213 1260 Atque
1237 1177 1355 1239 borum
1383 1178 1615 1261 validissimum
1646 1203 1723 1246 sane

166 1294 208 1338 re
231 1273 388 1350 instituit,
418 1273 629 1358 Traianum
619 1295 682 1357 Jam
707 1294 791 1337 anno
818 1273 918 1342 V..C
972 1273 1042 1351 ',est
1074 1295 1115 1338 ex
1137 1277 1343 1352 auctoribus,
1374 1293 1408 1370 et
1429 1281 1648 1346 monumentis
1670 1303 1724 1349 re·

165 1377 289 1458 8qu
311 1377 356 1436 X.
376 1375 434 1438 rob
462 1374 620 1441 aduersus
643 1375 782 1440 Parthos
807 1373 918 1458 prole·
975 1374 1103 1438 teribus
1134 1379 1232 1460 plane
1269 1393 1438 1459 constare,
1481 1383 1656 1464 Trajunar'n
1690 1385 1725 1446 in

159 1491 268 1542 ctum.
310 1475 533 1558 Argumenta,
571 1475 689 1560 quibus
722 1477 924 1542 seutentiam.
976 1462 1292 1546 consulatuum
1319 1480 1512 1544 Orientem
1507 1485 1723 1567 prolectam,

166 1599 258 1642 suam
280 1577 367 1641 tueri
387 1576 522 1655 nititur,
551 1577 586 1639 in
613 1599 759 1662 pugnum
789 1592 917 1642 contra-
973 1591 1011 1640 ut
1031 1599 1117 1640 mox
1128 1579 1330 1655 ridebimus3
1354 1595 1386 1643 at
1409 1581 1502 1644 illum
1526 1605 1590 1667 per
1611 1607 1727 1649 consu·

165 1692 217 1744 cta
245 1678 327 1742 baec
353 1677 426 1743 fere
456 1692 541 1744 ιιιιιι.
576 1682 607 1746 1.
623 1679 845 1743 testimouium
866 1681 917 1744 lo·
973 1679 1075 1743 latum
1097 1681 1138 1747 V.
1166 1683 1283 1745 Roma*
1300 1681 1471 1760 abluisse,
1500 1685 1623 1748 nedum
1655 1688 1727 1752 len·

165 1781 258 1845 anuis
285 1780 446 1856 Halalae,
476 1779 532 1864 qni
560 1780 735 1863 Trojanum
757 1783 830 1850 Vll.
861 1781 915 1846 die
974 1782 1148 1868 ginquum,
1178 1805 1296 1868 grave,
1320 1804 1357 1847 ac
1375 1785 1597 1867 periculosum
1620 1788 1653 1849 in
1672 1805 1727 1854 re·

165 1883 306 1948 Ianuarii
337 1883 377 1950 V.
403 1883 440 1947 C.
471 1881 535 1946 eoo
569 1883 608 1947 P.
640 1884 680 1946 X.
713 1903 772 1966 ro7
802 1884 917 1948 Antio·
972 1896 1063 1946 moto
1082 1883 1222 1949 Oriente
1240 1885 1364 1948 bellum
1385 1885 1545 1968 gessisse,
1568 1890 1661 1951 nullo
1677 1887 1725 1952 in·

166 1985 271 2050 chiam
300 1983 485 2070 ingressum
511 1984 642 2062 scribit,
687 1998 722 2047 st
757 1985 915 2072 deinceps
974 1985 1137 2050 dubitatae
1155 1985 1233 2050 fidei
1250 1987 1438 2051 testimonio
1455 2009 1554 2072 posse
1573 2010 1726 2074 compro·

165 2088 200 2148 in
228 2087 348 2150 Persas
376 2085 571 2169 proiectum.
614 2088 657 2152 ΙΙ.
685 2085 767 2152 Acta
797 2102 915 2172 marty·
971 2087 1053 2153 bari.
1096 2089 1150 2150 An
1179 2087 1361 2167 credibile,
1389 2089 1476 2152 istud
1506 2092 1722 2175 praeteritum

164 2188 207 2251 rii
233 2189 269 2254 S.
291 2189 425 2272 Ignatii,
459 2189 491 2252 in
519 2186 636 2272 quibus
663 2187 717 2252 bic
746 2187 865 2252 dicitnr
895 2211 914 2252 a
970 2188 1073 2254 fuisse
1095 2190 1142 2253 ab
1155 2189 1340 2268 historicis,
1367 2203 1402 2254 et
1427 2189 1467 2252 ab
1487 2190 1605 2255 borum
1629 2194 1723 2256 nulls

166 2291 309 2374 Traiano
331 2289 523 2354 Antiochiae
545 2303 720 2373 praesente
743 2291 912 2374 conjectus
971 2291 1026 2356 rel
1043 2305 1177 2355 tenuem
1192 2293 1309 2355 iactam
1328 2293 1528 2356 mentionem
1545 2293 1627 2356 belli
1645 2297 1724 2358 Par·

164 2394 198 2454 in
234 2393 384 2468 vincula,
422 2403 456 2455 et
490 2389 531 2454 ad
569 2390 690 2455 bestias
726 2389 913 2471 damnatus,
971 2391 1052 2457 tls‘ci
1078 2397 1241 2476 duplicis,
1269 2414 1345 2457 cum
1370 2395 1631 2478 tamen-duplex
1655 2396 1724 2460 bel·

160 2495 429 2578 praesidentibus
448 2495 538 2572 apud
554 2493 723 2556 Romanos
741 2494 860 2578 Syrio,
879 2503 914 2557 ct
972 2494 1041 2568 lnrn
1055 2494 1212 2558 Dacicum
1230 2507 1346 2577 aperte
1365 2495 1565 2578 distinguant
1580 2497 1663 2574 Dio,
1677 2510 1724 2561 ‘et

166 2595 326 2670 masma,
369 2593 425 2678 qui
457 2605 550 2657 eraut
579 2595 732 2658 consules
765 2594 913 2680 ejusdem
972 2595 1185 2680 Spartianus?
1214 2609 1252 2657 et
1269 2617 1309 2660 an
1331 2596 1407 2660 allo
1423 2612 1518 2682 pacto
1542 2599 1724 2677 credibile,

163 2697 241 2761 suni
263 2698 305 2766 V.
330 2697 367 2762 C.
390 2697 469 2761 eoo.
501 2695 606 2781 Hujus
629 2717 760 2783 quoque
783 2711 913 2763 senten·
970 2696 999 2759 si
1022 2695 1180 2778 Traianus
1200 2693 1319 2761 revera
1341 2698 1375 2761 in
1400 2702 1576 2764 consulatu
1588 2701 1629 2769 V.
1648 2722 1724 2765 cum

163 2802 229 2865 tiae
248 2799 441 2863 radescitat
455 2798 610 2863 chronica
624 2798 769 2877 Euscbii,
788 2814 822 2863 et
836 2800 913 2863 Ale·
969 2798 1102 2861 Parthie
1126 2797 1190 2861 fnit
1217 2798 1431 2876 commissus,
1465 2821 1575 2886 neque
1602 2802 1726 2866 redirit

162 2900 371 2967 murinum.
415 2903 469 2965 ΙΙΙ.
491 2898 677 2965 Auctoritas
710 2922 909 2965 marmorum

163 3018 199 3069 et
220 3024 415 3079 numerum,
439 3002 473 3065 in
490 3018 629 3089 qnorum
646 3002 807 3087 aliquibus
828 3006 910 3067 Tra·

162 3107 257 3189 janus
289 3106 353 3190 jam
375 3107 409 3167 in
431 3105 601 3170 consulatu
622 3105 664 3171 V.
688 3103 808 3168 dicitur
827 3109 909 3167 Par-

160 3208 297 3285 thicus,
332 3220 387 3271 aut
421 3206 489 3291 typi
515 3220 743 3290 proponuntur
772 3206 813 3271 ad
842 3206 912 3271 bel·

162 3308 233 3371 lum
255 3308 443 3373 Parthicum
465 3321 664 3392 spectantes.
704 3307 795 3377 Vide
817 3309 911 3393 plura

162 3412 251 3494 apud
271 3410 377 3495 ipsum
396 3410 644 3473 Tillemontium
662 3410 696 3472 in
713 3423 789 3474 nota
809 3412 912 3479 lell.

162 3526 199 3576 et
225 3514 313 3575 XXI.
341 3510 382 3575 ad
411 3512 599 3597 Trajanum.
643 3512 688 3575 Δι
716 3534 796 3577 cum
821 3510 911 3575 idem

162 3616 216 3679 sir
237 3612 384 3678 eruditus
406 3616 602 3679 sententiam
625 3634 714 3677 suam
734 3600 912 3677 velenen-

160 3732 217 3779 ter
239 3714 412 3781 cnntrariis
431 3716 554 3780 Norisii
574 3715 778 3800 argumentis
803 3713 911 3799 premi

162 3816 311 3895 rideret,
341 3815 458 3903 quibus
484 3818 515 3881 ia
540 3818 706 3901 evincere⁴
724 3815 910 3894 contendit,

163 3918 342 4003 Traianum
383 3940 449 3983 non
487 3920 632 4004 potuisse
675 3930 750 3983 ante
792 3940 911 3982 annunt

163 4024 206 4087 V.
229 4023 266 4087 C.
294 4020 359 4085 ⁰65
379 4020 417 4085 P.
441 4020 481 4085 X.
507 4039 567 4084 rra
590 4022 624 4083 iu
648 4020 787 4083 Parthos
812 4018 911 4104 profi-

163 4124 265 4199 cisci,
284 4120 387 4205 (Vide
405 4122 480 4205 ejus
493 4123 664 4207 epistolam
686 4122 911 4199 consularem,

968 2896 1150 2983 inglorius,
1177 2899 1300 2961 nullam
1329 2899 1364 2960 in
1393 2901 1520 2978 numia,
1550 2902 1606 2966 vel
1637 2922 1723 2965 mar·

968 2999 1116 3063 moribus
1145 2998 1237 3064 lieri·
1251 3001 1453 3065 mentionem
1484 3021 1543 3065 sen
1569 3003 1721 3067 victoria·
1777 3020 1783 3034 ’

968 3124 1063 3181 rum,
1105 3122 1167 3167 scu
1200 3102 1412 3167 decretorum
1445 3104 1625 3181 bonerum,
1667 3115 1722 3167 ut:

969 3204 1144 3289 triumphi,
1178 3226 1293 3283 arcus,
1328 3206 1415 3270 ancti
1443 3206 1651 3290 imperatoris
1666 3206 1723 3268 «ti-

968 3306 1030 3369 tuli
1051 3308 1137 3374 etc?
1165 3308 1324 3379 Videmus
1343 3308 1379 3370 iu
1399 3309 1508 3371 numia
1527 3308 1724 3392 sopitopri·

969 3408 1046 3473 dem
1080 3408 1172 3473 bello
1205 3412 1330 3475 Dacico
1369 3411 1511 3495 signatis
1540 3424 1726 3495 perpetuo,

969 3524 1066 3594 atque
1097 3510 1140 3575 ad
1167 3511 1332 3575 fastidiam
1357 3512 1472 3596 jactari
1494 3510 1635 3587 Dacica,
1673 3512 1721 3573 ni·

968 3613 1087 3675 mirum
1109 3625 1222 3678 vetera
1242 3613 1317 3689 illa,
1346 3635 1387 3675 au
1413 3610 1600 3679 reticuisset
1627 3632 1718 3675 sena-

968 3728 1038 3791 tus,
1068 3714 1124 3799 qui
1152 3714 1385 3799 imperatorem
1413 3734 1507 3776 suum
1534 3712 1639 3777 laedis
1660 3714 1720 3776 im·

968 3816 1134 3881 modicum
1154 3818 1265 3893 norit,
1286 3837 1387 3879 noras
1407 3816 1519 3879 lauros
1542 3835 1584 3879 cx
1601 3815 1722 3881 Orien·

967 3932 1003 3983 te
1041 3918 1248 4001 adportatas?
1298 3919 1382 3987 lllans¹
1420 3916 1606 4002 neutiquam
1650 3938 1720 3981 mo·

969 4041 1043 4083 mor
1062 4022 1199 4103 paucula
1220 4020 1277 4082 illa
1298 4020 1449 4104 exempla
1468 4040 1510 4082 cr
1530 4021 1657 4098 numia,
1684 4036 1719 4085 et
1758 4078 1763 4087 .

968 4120 1186 4185 marmoribus
1219 4122 1432 4185 'l'illemontio
1468 4121 1615 4185 obtrusa.
1655 4124 1718 4187 Va·

162 4240 218 4291 sut
245 4224 281 4287 in
309 4222 507 4309 compendio
539 4224 787 4289 Tillemontinm
815 4223 842 4287 l.
865 4226 910 4307 c.)
967 4223 1058 4287 leant
1079 4223 1161 4287 baec
1182 4238 1410 4300 monumenta,
1435 4236 1472 4286 nt
1498 4244 1575 4287 sane
1603 4225 1716 4289 valere

162 4340 197 4391 et
223 4340 331 4391 tamen
353 4326 554 4409 argumentis
577 4328 643 4391 suis
664 4346 764 4411 grase
783 4323 911 4410 pandus
968 4326 1108 4388 multum
1130 4324 1270 4402 debent,
1298 4340 1331 4388 st
1351 4339 1418 4387 tum
1442 4324 1548 4387 sclusa
1569 4326 1716 4403 valcant,

162 4433 295 4506 istesso,
322 4449 388 4491 non
417 4426 512 4491 aliam
538 4448 616 4491 esse
644 4430 804 4513 aptiorem
827 4426 910 4492 riam
969 4448 1044 4491 cam
1074 4426 1168 4490 nobis
1196 4427 1240 4490 de
1268 4446 1384 4489 eorem
1412 4424 1479 4489 lide
1506 4426 1607 4510 plene
1634 4448 1717 4493 con·

161 4546 251 4597 ratus
274 4530 340 4608 est,
373 4550 436 4614 qua
456 4527 628 4592 dissidium
650 4530 736 4595 istud
759 4528 912 4599 coucilia·
969 4542 1041 4595 stat.
1084 4529 1212 4591 Bellum
1248 4526 1417 4591 enimvero
1451 4528 1587 4611 Trajani
1615 4522 1747 4595 bisto'

161 4648 393 4719 rotursqnsm
417 4631 444 4695 si
466 4644 623 4697 statuatur
640 4631 762 4715 duplex
780 4628 911 4715 Traiani
969 4630 1073 4709 riam,
1094 4650 1190 4715 quam
1213 4632 1286 4717 quis
1311 4650 1355 4693 ex
1375 4631 1532 4715 catalogis
1552 4652 1614 4696 sen
1635 4634 1716 4716 lapi·

1327 4734 1356 4793 L
1379 4734 1390 4794 l
1412 4732 1466 4794 la
