4267 5500
676 559 1165 661 rotarioro
1345 628 1350 640 .
1478 596 1484 608 ·
1557 547 1561 552 ’
1673 585 1714 647 u
1853 573 1861 582 ‘

138 745 356 866 ecognitis
379 749 546 864 legibus
565 744 788 858 diversum,
817 764 893 837 aut
911 766 1123 865 peccatur,
1151 770 1225 844 aut
1245 758 1576 875 saltempeccari
1587 761 1708 850 uide·

140 905 211 976 tur.
236 873 338 974 Non
357 886 664 1002 postulabinus
690 901 784 972 tum
802 889 855 972 ab
885 902 1077 1001 auctore,
1105 906 1155 978 ut
1182 896 1271 1012 ejus
1300 895 1508 984 dissensus
1535 927 1706 990 causam

143 1037 341 1141 exponat,
379 1049 564 1140 eumque
592 1037 666 1110 aut
700 1025 887 1110 incuriae
915 1028 1264 1142 monetariorum,
1311 1048 1385 1120 aut
1414 1040 1710 1149 pennatationi

143 1165 386 1273 matricum,
416 1175 491 1248 aut
509 1174 646 1248 certae
663 1161 835 1269 rationi,
863 1163 937 1248 sed
956 1165 1076 1250 nobis
1106 1167 1244 1253 minus
1263 1172 1474 1284 cognitae,
1501 1174 1703 1288 imputet;

143 1317 185 1388 at
199 1299 527 1415 possidebimus,
544 1313 599 1385 ut
616 1328 714 1385 eum
733 1299 965 1386 dissensum
981 1300 1137 1388 habeat
1153 1319 1438 1418 perspectum,
1467 1339 1517 1394 ac
1534 1324 1629 1396 tum·
1644 1311 1708 1398 in·

146 1439 282 1524 dicare
308 1468 395 1552 non
421 1436 625 1552 negligat,¹
652 1465 830 1522 numum
857 1467 947 1523 esse
973 1466 1072 1525 vere
1091 1441 1332 1555 antiquum,
1360 1445 1546 1540 adhaec
1559 1477 1706 1534 sanum

145 1591 187 1662 ct
202 1577 415 1686 illaesum,
445 1575 651 1690 nihilque,
679 1573 724 1662 in
745 1603 829 1692 cpio
851 1573 1059 1686 dissentit,
1090 1604 1242 1691 anceps
1261 1593 1303 1665 et
1322 1583 1579 1698 ambiguum.
1612 1594 1705 1699 Quo

142 1727 262 1828 paeto
281 1713 586 1820 obtinebimus,
615 1741 700 1798 uon
718 1710 843 1798 modo
866 1725 915 1799 ut
931 1713 993 1798 rei
1012 1712 1275 1808 insolentiam
1292 1745 1444 1803 vocare
1462 1720 1508 1804 in
1528 1721 1707 1806 dubium

144 1879 226 1938 non
254 1851 496 1964 possimus,
511 1849 583 1935 sed
613 1863 663 1936 ut
690 1851 821 1934 omnis
843 1850 990 1952 ,etiam
1006 1850 1178 1948 tollatur
1205 1853 1409 1966 suspicio,
1438 1855 1563 1967 illud,
1594 1844 1707 1971 quod
1815 1882 1818 1888 ·

141 1990 324 2074 insolens
342 1986 529 2096 videtur,
557 2013 610 2072 ex
626 1986 873 2102 typographi
896 1987 1034 2099 potius
1054 1987 1218 2072 incuria
1235 1988 1417 2077 fluxisse.
1451 2001 1587 2105 Qttam
1603 1997 1707 2108 ,qui-

144 2127 243 2211 dem
271 2125 509 2215 cautionem
544 2138 594 2210 ut
620 2126 711 2241 jure
736 2125 781 2210 in
807 2124 1069 2209 Mediobarbi
1096 2126 1284 2240 catalogo
1312 2126 1612 2240 desideramus,
1649 2132 1707 2220 ita

141 2290 390 2350 econverso
420 2263 677 2377 experimur,
706 2261 743 2346 si
760 2260 834 2374 qui
859 2261 977 2346 numi
997 2289 1228 2376 repugnare
1245 2263 1474 2371 rationibus
1492 2267 1708 2356 chronolo-

143 2401 247 2517 gicis
266 2401 545 2512 videbantur,
576 2427 723 2485 eorum
748 2399 869 2483 illum
894 2399 1106 2484 mentione
1125 2401 1310 2488 studiose
1330 2394 1588 2511 abstinuisse.
1619 2407 1706 2492 Ex·-

141 2553 253 2626 stant
283 2540 402 2624 numi
420 2538 599 2652 Philippi
624 2536 806 2655 junioris
827 2536 1035 2649 inscripti:
1073 2540 1116 2623 P.
1134 2539 1191 2624 M.
1209 2538 1293 2624 ΤΗ.
1310 2541 1354 2626 Ρ.
1373 2540 1436 2626 Vl.
1455 2543 1567 2629 COS.
1588 2545 1631 2628 P.
1645 2547 1710 2652 P,
1839 2539 1844 2555 ’

142 2679 256 2793 iique
284 2689 400 2763 tanto
426 2703 623 2786 numero,
660 2688 710 2761 ut
739 2673 960 2761 verisimile
989 2703 1074 2761 non
1102 2675 1177 2785 sit,
1212 2703 1283 2761 eos
1310 2677 1411 2787 viri,
1437 2680 1510 2794 qui
1538 2710 1706 2767 onmem
1764 2677 1767 2689 '

141 2846 262 2901 suam
281 2843 451 2930 operam
468 2811 775 2929 conquirendae
794 2824 986 2897 monetae
1003 2814 1047 2898 R.
1068 2811 1249 2923 addixit,
1277 2814 1422 2930 fugere
1448 2817 1705 2934 diligentiam
1854 2830 1858 2837 ’

143 2953 333 3067 potuisse.
361 2954 527 3038 Tamen
546 2978 693 3037 eorum
710 2950 873 3035 nullum
890 2949 936 3035 in
954 2950 1043 3063 ejus
1061 2952 1236 3064 Augusti
1256 2968 1424 3040 moneta
1445 2957 1699 3070 descriptum

142 3092 344 3205 reperias,
372 3089 485 3175 haud
515 3088 663 3199 dubie,
693 3086 807 3203 quod
834 3085 1162 3173 monetariortun
1181 3088 1224 3172 in
1244 3088 1294 3185 iis
1321 3090 1519 3177 feriundis
1539 3093 1704 3206 lapsum

143 3244 203 3315 est
221 3228 476 3345 suspicatus,
506 3226 580 3342 qui
595 3253 805 3334 aversam,
837 3253 945 3339 qnae
966 3224 1096 3338 patris
1118 3240 1204 3333 est,
1232 3226 1316 3312 filio
1334 3226 1603 3338 adlinxerint,
1632 3244 1708 3317 aut

142 3365 256 3480 quod
275 3396 347 3453 eos
372 3395 516 3451 omnes
548 3395 638 3451 esse
660 3363 787 3477 patris
806 3362 986 3477 Philippi
1012 3362 1195 3476 putavit,
1238 3365 1317 3450 etsi
1339 3365 1465 3465 facies
1487 3368 1707 3484 juvenilior

141 3504 306 3589 ntdltun
333 3505 540 3619 relinquat
571 3502 768 3608 dubium,
794 3501 868 3587 filii
895 3500 939 3585 in
966 3499 1017 3583 iis
1043 3514 1169 3613 caput
1186 3530 1276 3587 esse
1292 3504 1559 3617 propositum
1588 3505 1708 3589 Addo

138 3656 350 3750 veterem,
376 3641 613 3758 justamque
630 3638 891 3726 eruditorum
907 3637 1154 3751 ¹querelam,
1184 3638 1229 3722 in
1249 3666 1299 3724 eo
1319 3642 1508 3756 catalogo
1529 3643 1704 3729 mentio·

122 3812 242 3871 ‚nem
263 3778 434 3895 (pridem
462 3777 618 3863 metalli
637 3777 810 3886 factam,
840 3792 884 3863 at
909 3776 1105 3861 omissam
1122 3774 1250 3861 fuisse
1279 3806 1394 3885 eam,
1423 3805 1532 3891 quae
1558 3807 1709 3866 numo·
1829 3794 1835 3829 ¹

138 3948 240 4003 rum
261 3915 567 4032 magnitudines
585 3915 832 4029 explicaret,
863 3941 1040 4028 quarum
1063 3925 1207 3997 tamen
1233 3911 1458 4024 indicium,
1487 3918 1708 4029 praecipue

136 4060 183 4141 in
208 4070 379 4141 moneta
394 4080 535 4160 aenea,
566 4055 618 4139 ad
642 4054 775 4141 varias
797 4079 862 4137 res
884 4050 1190 4167 cognoscendas
1209 4080 1379 4167 magnas
1407 4052 1541 4139 adfert
1561 4083 1709 4168 oppor-

137 4194 350 4279 tunitates.
469 4234 477 4243 ·
552 4214 557 4225 ·
1341 4198 1347 4203 ’

119 4401 123 4407 .
230 4332 368 4417 Multa
387 4330 523 4415 adhuc
549 4328 724 4417 dicenda
746 4332 882 4415 forent
905 4329 958 4412 de
988 4324 1227 4440 sphalmatis
1254 4328 1407 4442 passim
1434 4328 1587 4438 obviis,
1608 4356 1711 4443 quo·

134 4498 239 4555 rum
258 4496 412 4582 magna
431 4495 527 4581 pars
556 4496 639 4553 non
658 4480 821 4580 poterat
837 4466 918 4551 nisi
941 4465 1002 4549 ab,
1017 4464 1197 4547 auctoris
1215 4465 1495 4575 festinatione,
1524 4480 1566 4551 et
1587 4495 1712 4581 opera

117 4605 426 4721 ‚peritmctoria
449 4604 665 4719 proficisci.
695 4605 764 4690 Ait
785 4636 823 4691 v.
841 4634 899 4711 r.,
928 4602 984 4687 M.
1006 4601 1232 4687 Antonium
1253 4602 1414 4687 dictum
1432 4604 1558 4691 luisse
1583 4606 1713 4718 impe-

138 4752 324 4825 ratorem
344 4740 478 4821 allato
493 4748 540 4823 in
564 4730 711 4847 urbem
725 4738 944 4867 Catilinae
963 4736 1116 4843 capric,
1147 4732 1330 4845 citatque
1349 4737 1437 4847 ejus
1457 4749 1603 4868 testem
1617 4740 1725 4820 Dioae

1331 4882 1406 4961 ba
