4267 5500
756 555 1081 665 suevsr'vs.

157 742 284 838 spurius
307 753 449 820 ridetur.
484 727 596 832 Vide,
609 771 692 839 quae
708 753 755 820 ibi
778 755 903 822 notabi-

155 877 239 920 mm·

467 964 470 974 ι
516 940 540 976 ἶ

415 985 437 1022 s
623 985 644 1026 r

295 1058 443 1128 DIVVS.
472 1058 720 1128 AVGVSTVS.
740 1061 901 1124 PATER.

299 1163 408 1242 Caput
421 1163 601 1225 radiatum.

151 1261 188 1327 S.
204 1260 241 1324 C.
260 1260 427 1344 Templum
444 1265 639 1340 rotantium,
663 1263 743 1326 diac
757 1277 791 1328 et
804 1265 901 1328 illinc

151 1363 262 1440 basis,
289 1382 430 1440 auarum
450 1364 594 1443 singulis
612 1369 798 1449 quadrupes
819 1368 919 1429 iusi·

150 1467 224 1528 stit.
245 1463 318 1524 ΑΕ.
339 1465 380 1527 11.
402 1465 500 1545 (Mus.
517 1464 627 1547 Caes.)

218 1565 404 1628 Sacrarinm
425 1565 549 1627 Romae
566 1567 609 1629 D.
624 1566 772 1649 Angusto
790 1564 899 1630 aedifi·

151 1679 260 1728 catum
286 1665 479 1743 aTiberio,
502 1666 698 1750 domumque
722 1667 844 1746 Nolae,
864 1668 899 1730 in

150 1789 215 1852 qua
229 1766 383 1842 decessit,
400 1767 433 1827 in
451 1769 608 1853 templum
624 1783 776 1833 mutatam
793 1770 899 1834 refert

148 1869 218 1930 Dio
238 1869 278 1951 ⁸).
307 1868 433 1934 Plinius
456 1869 507 1951 b):
540 1872 580 1933 la
606 1863 735 1935 Palatii
760 1873 899 1954 templa,

148 1973 384 2053 auadficerat
399 1975 441 2032 tt.
460 1975 619 2053 Augusta
637 1975 759 2052 conjux
777 1974 897 2054 Augu·

147 2091 216 2136 sta.
238 2073 440 2157 Proponitur
454 2073 537 2136 illud
552 2075 584 2134 in
598 2075 705 2135 n'nmis
718 2072 896 2158 Caligulae,

148 2177 258 2238 serius
281 2176 316 2235 in
334 2174 440 2236 nnmis
461 2176 618 2241 Antonini
640 2177 692 2237 Pii
714 2175 895 2257 inscriptiss

147 2277 384 2343 ΤΕΜΡῙΝΜ.
407 2278 514 2346 DlVl.‘
537 2277 638 2346 AVG.
663 2279 788 2340 REST.
815 2277 897 2340 Bina

146 2377 314 2455 animalia,
334 2399 417 2462 quae
432 2379 508 2443 ltine
529 2393 562 2442 et
581 2380 671 2444 illine
694 2391 894 2461 comparent,

147 2495 182 2542 et
210 2481 253 2543 ab
279 2481 442 2564 aliquibus
464 2501 525 2564 pro
550 2481 634 2545 bove
658 2495 692 2545 et
718 2483 821 2544 ariete
841 2481 895 2543 ha·
927 2503 929 2509 ⁸

145 2582 287 2658 bentur,
319 2584 489 2664 eleganter
508 2605 525 2644 a
542 2585 657 2646 Patina
680 2585 893 2668 explicantur,

145 2685 254 2746 citatis
270 2685 420 2769 ressibps
439 2684 611 2748 Prudentii
634 2689 682 2769 c)t

212 2788 312 2851 Hunc
325 2808 449 2851 marem
472 2802 616 2869 veteram
638 2788 740 2852 docili
752 2790 823 2867 jam
844 2808 896 2849 ue·

445 2901 515 2952 tate
533 2900 648 2951 secuta
874 2888 877 2891 ’

212 2992 402 3054 Postaritas
425 3010 539 3052 mensa
564 3002 664 3069 atauo
697 2990 827 3072 adytis,
862 2999 896 3051 et

440 3090 593 3155 Homine
605 3103 639 3152 et
655 3092 726 3152 aris

211 3196 410 3277 Augustum
433 3194 555 3270 caluit,
589 3192 766 3255 VITVLO
783 3192 897 3274 placa·

442 3298 508 3372 vit,
529 3291 738 3371 etAGNO,
841 3290 847 3302 ’

212 3398 332 3462 Strata
351 3398 396 3459 ad
414 3397 572 3479 pulvinar
583 3397 712 3476 jacuit,
736 3414 893 3477 responsa

437 3499 599 3580 poposcit.

214 3600 393 3665 Tautantur
416 3600 530 3674 tituli,
557 3596 704 3679 produnt
737 3595 892 3658 consulta

441 3710 577 3760 senatus

211 3790 524 3865 CAESAREVM
558 3799 651 3862 Iovis
682 3798 727 3859 ad
753 3800 892 3879 speciem

439 3902 627 3962 statuentia
648 3897 890 3962 TEMPLVM.

142 4004 308 4075 Vientina
327 4000 467 4087 Augusti
490 4019 577 4063 aram
596 3998 724 4060 mactati
744 3996 890 4061 meminit

142 4128 278 4194 quoque
296 4122 441 4169 marmor
458 4099 688 4163 Gruteriauum
703 4094 746 4181 ἆ).

509 4202 529 4239 1

284 4248 432 4377 DIVVd.
457 4248 703 4374 AVGVS'l'VS.
729 4303 889 4370 PATER.

285 4410 396 4496 Caput
414 4412 593 4471 radiatum.
719 4490 723 4497 Δ

142 4518 179 4580 ὃ.
196 4514 237 4581 C.
255 4512 406 4579 Fulmen.
427 4512 499 4573 All.
519 4511 559 4575 Il.
575 4510 675 4592 (Mus.
692 4507 817 4591 Caes.)'
947 4508 1009 4573 tuis
1028 4507 1167 4592 Augusti
1184 4519 1313 4589 agente
1330 4500 1443 4566 Flavia
1457 4496 1625 4563 restitutis.

141 4634 1709 4674 mmm-ms

1637 617 1718 682 tet·

1020 756 1138 821 Paullo
1170 777 1267 842 supra
1297 755 1435 840 fulmen}
1452 760 1542 845 juxta
1564 766 1704 850 Augusti

958 871 1054 941 eaput
1075 855 1227 927 uidimus,
1275 861 1360 924 lovis
1389 860 1490 945 igitur
1513 867 1702 932 attributum

959 979 1033 1023 aum
1065 961 1212 1044 Angusto
1243 981 1303 1026 suo
1334 964 1617 1035 communicatore
1638 959 1705 1034 Ro·

959 1060 1055 1125 muni.
1108 1062 1217 1125 Minus
1238 1061 1380 1125 istndin
1402 1067 1551 1152 Augusto
1573 1084 1705 1135 mortuo

958 1164 1087 1240 mirum,
1104 1163 1131 1225 si
1145 1184 1260 1226 rerum
1274 1177 1333 1240 est,
1353 1167 1441 1249 quod
1457 1169 1563 1231 refert
1576 1171 1641 1233 Dio
1657 1173 1704 1254 0),

955 1263 1122 1325 Romanos
1150 1283 1190 1326 eo
1225 1263 1416 1329 adolationis
1443 1284 1635 1352 provectos,
1668 1287 1706 1335 ut

955 1353 1089 1450 Caesari
1115 1361 1267 1427 dictatori
1289 1365 1394 1430 adhue
1419 1368 1494 1433 vivo
1513 1372 1605 1435 Iouis
1619 1375 1705 1436 Iulii

954 1471 1142 1550 'cognomen
1171 1465 1387 1550 impertirent.
1441 1473 1478 1531 ln
1507 1493 1607 1534 numo
1637 1475 1703 1536 Tu·

955 1567 1094 1649 riasonis
1112 1565 1287 1650 Hispaniae
1309 1571 1353 1631 t).
1371 1569 1536 1655 Augustus
1565 1571 1702 1651 fulmen,

956 1682 991 1732 ut
1009 1669 1149 1753 Iupiter,
1169 1691 1265 1732 mann
1283 1679 1385 1737 tenet.

1321 1772 1341 1807 ff

1218 1817 1237 1855 a
1425 1820 1444 1856 s

1097 1870 1242 1940 DIVVS.
1268 1869 1515 1941 AVGVSTVS.
1533 1873 1700 1939 PATER.
1718 1879 1722 1887 ’

1101 1965 1209 2055 Caput
1224 1976 1404 2038 radiatum.
1606 1999 1610 2006 ¹
1642 1975 1648 1987 “

954 2072 1058 2141 lOVl.
1076 2071 1181 2138 ΠΕΟ.
1198 2074 1231 2137 S.
1249 2074 1285 2139 C.
1307 2075 1474 2156 Templum
1490 2084 1511 2152 4
1529 2076 1699 2139 calamna*

955 2195 1037 2239 ruta.
1081 2175 1153 2238 ΑΕ.
1171 2175 1210 2235 11.
1231 2174 1339 2258 (Patin
1358 2177 1481 2258 lmpp.)

1016 2273 1230 2359 Conjeotura,
1259 2275 1472 2357 inscriptione
1495 2279 1628 2340 aversae
1649 2277 1698 2337 in-

952 2377 1083 2462 digitat-i
1096 2379 1206 2461 ipsum*
1218 2378 1419 2460 Augustum,
1437 2398 1478 2439 ex
1498 2377 1699 2460 praecedens

951 2477 1037 2542 tibus
1051 2479 1240 2544 verisimilis
1255 2478 1301 2544 iit.

1316 2562 1337 2597 Ι

1213 2609 1232 2647 ἢ
1420 2607 1440 2645 st

1090 2679 1235 2751 Dtvvs.
1258 2680 1505 2750 AVGVS'PVS.
1536 2678 1696 2740 PATER.

1094 2788 1201 2867 Caput
1216 2789 1395 2849 radiatum.
1626 2781 1631 2811 ³
1828 2790 1832 2795 '

954 2884 988 2948 S.
1009 2884 1046 2950 C.
1080 2885 1213 2964 Aquila
1235 2887 1304 2949 alis
1324 2884 1482 2965 expausis
1499 2882 1600 2964 globo
1617 2884 1698 2943 iasi-

951 2990 1023 3050 stit.
1048 2985 1118 3048 ΑΕ.
1137 2986 1237 3069 (llus.
1255 2986 1365 3067 Caes.)

955 3106 957 3111 ·
1015 3085 1203 3169 Aquila'vel
1217 3087 1348 3149 solitum
1365 3095 1416 3147 est
1441 3078 1696 3145 consecrationis
1721 3128 1726 3137 .

953 3187 1152 3269 symbolum,
1194 3186 1390 3272 perhibente
1414 3183 1581 3245 nimirum
1618 3180 1697 3242 Dio·
1721 3236 1724 3241 .

952 3308 995 3351 na
1023 3287 1067 3371 s),
1095 3310 1137 3352 ex
1161 3309 1319 3353 succenso
1337 3285 1475 3370 Augusti
1491 3303 1575 3369 rogo
1601 3284 1724 3346 emis-.
1761 3335 1764 3338 ,

950 3412 1018 3453 sam
1046 3391 1187 3475 aquilam
1211 3411 1339 3453 sursum
1365 3388 1530 3465 evolasse,
1561 3407 1626 3469 quo
1653 3384 1696 3446 de

949 3494 1014 3555 ritu
1037 3493 1115 3556 alibi
1139 3513 1182 3557 ex
1204 3492 1375 3577 proposito
1397 3502 1531 3573 agetur,
1556 3487 1612 3551 rel
1628 3498 1697 3547 tan·

950 3614 1045 3679 qnam
1072 3594 1158 3656 Iovis
1184 3592 1387 3667 attributum,
1417 3588 1555 3673 perinde
1575 3606 1613 3651 au
1633 3585 1694 3648 fut-

950 3717 1047 3775 meu,
1065 3699 1213 3779 Augusto
1229 3694 1393 3757 tribuitur.

1314 3794 1334 3830 1

1089 3841 1234 3965 muri
1261 3838 1690 3962 svavslvs.·1›mm.

1092 3999 1200 4084 Caput
1217 3998 1396 4061 radiatum.

949 4102 982 4166 S.
999 4101 1032 4165 C.
1053 4102 1208 4165 Victoria
1226 4112 1321 4160 staas
1336 4098 1612 4179 clypeum-tonet,
1635 4095 1692 4153 cui

946 4205 1162 4284 inscriptum:
1184 4199 1218 4263 S.
1240 4199 1277 4261 P.
1301 4196 1404 4293 Q.1t
1449 4196 1523 4260 Aa:
1542 4197 1581 4258 Il.
1603 4189 1692 4276 (tto-

947 4304 1053 4387 relli.)
1451 4295 1458 4307 ‘
1474 4323 1478 4331 ·

1010 4406 1074 4471 Hic
1096 4420 1190 4490 typus
1206 4399 1410 4489 frequentius
1426 4397 1573 4462 occurrit
1583 4394 1618 4456 in
1633 4415 1710 4456 nn·.

176 4742 210 4814 ι)
229 4734 446 4807 navtsso.
544 4706 579 4807 Β)
598 4707 703 4792 sau.
719 4710 796 4806 §.aa
897 4734 928 4805 c)
950 4730 1051 4790 canu.
1064 4720 1231 4803 strumus.
1244 4722 1277 4784 ι’.
1286 4720 1318 4783 1:
1412 4720 1446 4793 a)
1463 4730 1605 4798 pausas.
1620 4726 1685 4813 ns

136 4836 170 4905 e)
190 4826 339 4891 uumtv.
353 4829 415 4897 §6-
512 4824 538 4896 s)
557 4822 672 4887 1..1.V1.
690 4825 715 4893 s.
727 4832 771 4885 ts.
