4267 5500
342 527 345 534 ’
445 594 518 664 an.
1048 565 1416 646 nunntanve.

488 745 632 810 Nnmum
661 745 749 810 hnno
781 763 825 808 ex
855 757 971 806 moseo
1003 739 1046 806 da
1074 741 1195 808 Clcres
1251 739 1701 807 nossimilcsinativecusos
1715 740 2002 827 sparsisaeinseri·

445 849 569 926 edidit,
599 845 840 930 illustravitque
870 842 1045 928 Belleyus,
1074 846 1195 912 iterato
1252 859 1310 930 pto
1331 833 1489 909 Hadsiani
1513 842 1661 908 &esuris
1682 844 1833 924 nomine,
1859 859 1896 909 ut
1919 867 1999 912 vere

443 963 598 1030 testatus,
636 947 834 1035 antiquitatis
868 945 963 1008 illum
993 966 1067 1010 esse
1096 947 1195 1031 plane
1250 968 1271 1009 tt
1307 946 1449 1030 Trojano
1488 944 1660 1031 adoptatus
1697 945 1903 1012 crederetur.
1946 949 2001 1012 En

443 1053 642 1118 indubitatae
667 1053 710 1135 ΙΙ),
753 1048 903 1112 Praestri
936 1048 1023 1112 istud
1056 1067 1193 1113 necesse
1250 1046 1310 1110 tibi
1333 1048 1465 1132 Belleyi
1485 1047 1692 1133 conjecturas
1713 1048 1912 1115 verisimiles
1932 1051 2004 1136 qni·

440 1158 521 1236 fuit,
553 1154 642 1242 qnod
664 1153 764 1238 plura
793 1150 961 1216 cimelium
981 1151 1069 1216 istud
1090 1150 1195 1214 conti·
1243 1147 1346 1240 ,dms
1371 1163 1482 1228 tamen
1501 1150 1544 1215 ad
1561 1149 1784 1235 explicandam
1806 1153 2001 1220 numism

440 1273 515 1336 net,
555 1277 638 1342 qnae
675 1253 848 1332 historiae,
886 1267 921 1317 et
956 1253 1191 1336 chronologiae
1248 1252 1373 1338 antiqui
1388 1232 1596 1317 insoientiant
1612 1253 1799 1318 necessario
1815 1255 1997 1322 uossshas.

436 1353 665 1425 ¹adversantur.
710 1351 828 1426 Vtr'nm
857 1354 958 1434 velis,
988 1355 1095 1438 arguit
1115 1355 1194 1417 Bel·
1247 1355 1293 1416 Et
1315 1375 1397 1420 vcro
1417 1375 1500 1438 opus
1518 1354 1789 1441 depauperatum,
1813 1371 1851 1420 et
1873 1376 1941 1421 nou
1963 1357 1998 1418 iu

436 1463 549 1546 lepus,
595 1477 655 1520 seu
693 1455 770 1524 vito
806 1452 965 1540 Trajauo,
1007 1476 1067 1520 scu
1104 1475 1193 1518 snor-
1248 1455 1318 1518 otio
1347 1456 1535 1553 coniectum
1562 1471 1703 1542 arguunt
1728 1469 1801 1522 non·
1818 1457 1920 1523 modo
1942 1479 1999 1522 no-

437 1577 494 1626 tno
532 1561 695 1644 signatum
731 1569 868 1638 statues,
912 1561 1000 1623 inter
1034 1556 1191 1620 malleum
1248 1559 1335 1621 mina
1362 1557 1518 1642 Hadriani
1542 1558 1644 1635 male,
1674 1572 1711 1621 ut
1734 1557 1820 1636 dixi,
1844 1559 1908 1622 sibi
1929 1582 2000 1623 anc-

438 1677 473 1730 et
512 1661 666 1726 incudem
684 1701 689 1712 ·
705 1658 932 1744 deprehensus
971 1680 1007 1724 es
1051 1659 1190 1726 medius.
1248 1660 1418 1742 cedentia,
1440 1659 1500 1724 sed
1522 1661 1621 1724 etiam
1644 1681 1721 1744 pars
1739 1660 1885 1727 ‘adversa
1912 1664 1996 1726 male

439 1765 498 1827 Sin
528 1776 676 1840 mortuo,
713 1783 792 1838 cur,
829 1761 952 1846 inquit,
988 1761 1081 1826 abeat
1116 1761 1191 1824 titu-
1247 1783 1324 1826 oum
1355 1783 1481 1829 aversa
1498 1763 1630 1828 sociata.
1677 1762 1812 1826 Etenim
1837 1764 1874 1825 in
1903 1777 1996 1847 parte

435 1869 487 1930 lus
510 1866 628 1934 mvl?
656 1862 797 1940 (mmetsi
825 1863 931 1926 minus
955 1876 1084 1948 premat
1104 1861 1189 1926 bace
1246 1863 1384 1932 adversa
1428 1885 1603 1928 nemorum
1646 1864 1778 1948 Traiani
1826 1878 1995 1948 postremo

435 1967 631 2045 difficultas,
669 1966 743 2052 quia
775 1966 932 2050 Traianus
960 1966 1026 2030 dici
1051 1965 1188 2034 Dlvvs
1246 1967 1318 2051 ejus
1355 1955 1490 2032 biennio
1528 1968 1730 2052 signatorum
1766 1979 1836 2030 tom
1872 1981 1996 2033 uotum

434 2091 501 2135 non
533 2069 658 2154 potuit,
699 2081 871 2154 antequam
900 2082 1030 2132 senatus
1060 2069 1187 2152 Romae
1245 2070 1407 2133 omittitur
1426 2070 1539 2134 titulus
1554 2068 1803 2146 PARTHICO,
1824 2069 1994 2154 qnandois

434 2171 719 2237 consecrationem
747 2184 878 2234 mortuo
907 2161 1122 2252 decernebat)
1152 2183 1187 2233 et
1242 2170 1278 2234 iu
1307 2184 1434 2256 partem
1448 2193 1604 2238 aterum
1621 2171 1684 2236 init
1707 2173 1881 2254 trajectns5
1911 2193 1994 2256 ergo

435 2295 496 2341 ons
516 2271 718 2350 Hadrianus,
741 2272 797 2358 qui
818 2293 895 2336 mox
916 2271 1085 2335 intellecta
1107 2275 1187 2334 Tra·
1241 2273 1271 2336 is
1293 2273 1328 2336 in
1355 2275 1538 2358 praesentis
1559 2273 1651 2336 numi
1670 2274 1776 2337 entim
1795 2273 1993 2338 omittendus

431 2377 498 2460 jani
530 2389 637 2438 morte
666 2375 850 2458 Angustum
882 2395 956 2438 sese
986 2372 1088 2450 dixit,
1131 2372 1186 2436 ad·
1241 2376 1402 2439 nonfuit.
1445 2379 1539 2461 Ergo
1560 2376 1778 2451 monotan'os,
1805 2375 1888 2438 dum
1911 2398 1991 2462 opus

433 2481 498 2543 buo
522 2477 643 2540 dicitur
666 2475 807 2539 Caesar?
840 2475 898 2536 Sin
924 2475 1017 2550 viro,
1045 2495 1108 2558 qua
1134 2495 1185 2538 ra·
1241 2489 1357 2561 urget,
1377 2479 1564 2546 inconsulto
1574 2478 1753 2544 matricem
1771 2477 1931 2562 arripuit,
1947 2480 1991 2542 al·

432 2581 523 2642 tione
540 2577 625 2638 intra
643 2577 789 2640 triduum
808 2574 902 2639 feriri
920 2575 1027 2660 potuit
1047 2575 1102 2638 bic
1125 2596 1185 2638 nn·
1240 2579 1344 2642 terius
1363 2579 1497 2663 generis
1508 2581 1631 2649 aversis
1649 2579 1854 2644 destinatam.
1874 2581 1991 2643 Posset

434 2676 522 2759 ntus,
555 2700 631 2743 oum
658 2691 803 2756 constet,
834 2679 1024 2763 Trajanum,
1056 2692 1184 2762 postea·
1239 2679 1295 2748 hio
1323 2703 1441 2746 numus
1463 2682 1577 2768 juvare
1598 2679 1827 2760 Dodwclinm,
1864 2682 1922 2767 qui
1942 2683 1990 2744 in·

434 2784 530 2871 quam
543 2782 744 2847 Hadrianum
759 2780 920 2866 principio
937 2781 1077 2865 Augusti
1092 2782 1181 2847 Μ.
1238 2798 1292 2847 ter
1325 2786 1535 2870 adoptionem
1566 2785 1741 2863 Hadriani,
1780 2796 1816 2848 et
1847 2798 1988 2849 mortem
2106 2849 2107 2854 ,

432 2890 496 2972 870
521 2888 555 2948 in
583 2898 734 2950 extremo
761 2902 823 2947 sno
851 2881 971 2945 morbo
1002 2880 1182 2967 adoptavit,
1240 2886 1372 2971 Trajani
1387 2907 1506 2952 annum
1524 2884 1769 2973 interponite),
1791 2887 1821 2949 si
1836 2908 1900 2972 qna
1915 2908 1988 2972 pos-

431 3004 507 3075 post
525 2987 668 3053 triduum
689 2986 892 3053 excessisse?
910 2986 977 3049 Cur
992 2984 1113 3049 deinde
1129 2984 1184 3048 ab·
1236 3002 1290 3052 ‘set
1308 3009 1383 3052 esse
1399 2988 1516 3053 diducis
1533 2990 1569 3050 in
1581 3010 1686 3052 numo
1704 2989 1819 3065 unico,
1840 3004 1876 3052 et
1890 3010 1985 3075 quern

432 3108 483 3158 est
506 3092 619 3161 titulus
637 3090 806 3166 Parthici,
833 3109 898 3174 quo
922 3087 1099 3171 Traianum
1114 3086 1183 3170 jam
1238 3090 1364 3166 recise,
1387 3091 1558 3176 justaeque
1582 3112 1698 3156 causac
1718 3090 1877 3155 fratribus
1896 3090 1986 3155 dissi-

431 3216 516 3263 anno
542 3194 761 3279 praecedente
789 3190 824 3253 in
847 3190 999 3255 omnibns
1029 3191 1096 3253 snit
1124 3210 1183 3253 nu·
1238 3192 1351 3257 milem
1365 3207 1521 3279 arguunt.

430 3300 491 3363 nais
508 3318 602 3361 usum
618 3292 790 3359 norimus?
817 3293 970 3377 Denique
988 3312 1047 3355 cur
1063 3311 1180 3375 pensae

427 3399 533 3464 turin
550 3397 718 3462 nominum
737 3393 874 3471 ordine,
898 3394 1026 3481 qnando
1042 3394 1180 3459 Hadria·
1416 3400 1456 3465 V⁴
1474 3398 1510 3463 C.
1529 3396 1593 3479 870
1611 3398 1651 3463 P.
1667 3394 1715 3461 X.
1735 3416 1809 3479 ¹¹70

427 3524 489 3567 uus
527 3500 697 3584 adoptatus
735 3496 892 3563 diceudm
928 3497 1036 3561 fuerat
1074 3500 1179 3561 Tilu-
1241 3512 1503 3580 Ararsm,
1534 3517 1601 3580 m,
1626 3520 1662 3584 p,
1688 3516 1786 3581 cos,
1808 3516 1978 3599 013ng

426 3604 558 3673 tantvs
588 3593 867 3679 Hann1AttVS‚
899 3620 966 3663 nou
991 3598 1176 3662 nantua-
1281 3620 1320 3681 ρ,
1336 3618 1387 3682 Μ,
1409 3620 1449 3682 Ρ,
1463 3620 1502 3684 p,
1528 3617 1626 3682 01³1:
1647 3617 1799 3691 amm,
1818 3621 1931 3684 ΒΑΕ,

426 3708 513 3776 NVS
538 3704 785 3771 TRAIANVS?
813 3706 906 3766 Haec
932 3700 1094 3785 paradoxa
1117 3701 1177 3763 im·
1520 3720 1695 3784 PARTH,

426 3812 544 3895 pulere
576 3808 768 3889 Belleyurn,
803 3819 840 3867 nt
869 3802 1042 3878 crederet,
1073 3802 1175 3867 Ploti-

425 3932 510 3989 nam,
528 3931 623 3997 qttem
639 3920 765 3971 constat
779 3926 892 3970 omnes
909 3904 1095 3970 adhibuisse
1109 3913 1175 3969 ina·

425 4014 555 4091 chinus,
585 4024 621 4075 ut
644 4010 685 4075 ab
712 4022 849 4093 aegroto
872 4010 989 4073 marito
1014 4006 1174 4071 Hadriani

424 4120 475 4182 aui
490 4115 704 4199 adoptionem·
716 4124 948 4196 extorqueret,
973 4110 1020 4176 aio
1036 4124 1075 4175 nt
1087 4124 1173 4176 teste
1268 4108 1455 4177 Hadrianus
1485 4112 1527 4177 V.
1561 4107 1634 4175 idns
1663 4109 1751 4191 Aug.
1783 4108 1974 4172 Antiochiae

424 4222 533 4285 Dione
555 4216 749 4283 crederetur
770 4214 887 4291 etiam,
910 4228 1012 4277 totum
1032 4214 1098 4278 lieo
1119 4212 1174 4277 ad·
1229 4212 1342 4277 literas
1376 4212 1558 4303 adoptionis
1586 4210 1721 4294 accipit,
1759 4231 1859 4295 quem
1888 4208 1973 4273 diem

425 4323 566 4410 optionis
591 4320 760 4405 negotium
783 4316 824 4379 ab
845 4335 949 4379 uxore
971 4316 1076 4380 inscio
1087 4319 1173 4405 ¹Tra·
1229 4316 1384 4400 deinceps
1407 4314 1550 4378 natalem
1574 4313 1758 4397 adoptionis
1784 4312 1971 4377 celebrarit.

423 4428 499 4511 jano
512 4425 614 4490 tuisse
628 4435 814 4507 peractum,
833 4418 1011 4493 Plotinam,
1029 4416 1172 4503 inquam,
1227 4421 1284 4487 111.
1311 4416 1384 4481 idns
1408 4419 1495 4502 Aug.
1515 4437 1669 4481 exocssns
1693 4416 1828 4499 Traiani
1845 4417 1974 4481 nunna·

422 4532 499 4596 rivo
527 4530 650 4603 adhuc,
678 4522 739 4587 scd
764 4525 940 4607 languente
968 4520 1085 4583 marito
1113 4542 1173 4583 nn·
1226 4534 1297 4596 tur,
1323 4518 1379 4607 qui
1397 4520 1467 4583 dics
1482 4516 1622 4583 subinde
1636 4518 1752 4585 naulis
1770 4519 1903 4604 imperii
1917 4520 1975 4613 ¹¹²1

1235 3838 1396 3922 Quinctio
1410 3838 1536 3924 Nigro,
1561 3840 1595 3903 C.
1615 3842 1793 3920 Vipstanio
1811 3840 1978 3921 Apronio·

1539 3962 1581 4003 no
1601 3961 1667 4005 cos.

370 4833 376 4846 ¹
461 4850 491 4923 a)
515 4844 546 4899 il.
561 4848 592 4901 L.
608 4844 693 4900 Mem.
708 4842 791 4899 Turn.
805 4840 909 4901 XXIV.
926 4860 958 4919 p.
969 4848 1014 4911 89.
1089 4837 1125 4907 b)
1144 4835 1285 4913 Append.
1303 4836 1341 4895 ad
1357 4819 1475 4895 dissert.
1491 4837 1630 4912 Cypriae.
1650 4834 1766 4894 XXXX.
1779 4858 1834 4915 seq
