4267 5500
430 627 507 694 800

427 815 526 876 eques
540 793 734 873 adloquitur
747 791 909 856 cohortes.
932 788 1002 856 he,
1021 791 1050 856 1.
1061 789 1175 865 (Vaill.

361 900 365 912 '
426 897 510 962 Mus.
528 913 600 982 reg.
618 895 829 975 christinae.)

789 995 809 1034 1

573 1139 728 1200 Adversa
744 1137 872 1217 Ignota.

423 1237 688 1304 ElIERClTVS.
704 1234 964 1300 PAtt'rfflcvs.
990 1230 1178 1312 Imperator

424 1353 519 1402 stans
528 1344 564 1404 t'rt
579 1353 737 1420 suggestu
746 1341 872 1400 militer
879 1337 1085 1414 adloquitur.
1104 1337 1174 1402 AB.

424 1463 507 1505 max.
523 1437 612 1504 mod.
628 1437 742 1522 (Vaill.
757 1437 790 1499 in
807 1460 895 1502 num.
911 1459 953 1498 m.
971 1438 1031 1518 m.)

465 1544 538 1606 Hoc
555 1561 654 1604 numo
669 1540 847 1623 probatur,
870 1538 1090 1616 Hadrianum,
1112 1541 1176 1604 etsi

424 1643 575 1708 Parthica
607 1643 743 1728 abjecit,
787 1641 906 1705 aluisse
941 1655 1049 1704 tamen
1080 1663 1175 1705 exer·

424 1747 535 1824 eitum,
549 1747 605 1832 qui
621 1745 772 1808 Parthiae
791 1743 998 1828 invigilaret,
1021 1758 1054 1807 et
1075 1766 1174 1831 quem

425 1847 558 1912 dubium
579 1869 645 1912 nen
670 1861 721 1911 est
739 1847 827 1911 eirca
849 1847 1051 1932 Euphratem
1077 1868 1175 1910 exeu-

423 1951 528 2013 hasse.
552 1951 667 2012 Fuisse
684 1949 749 2014 hoe
763 1949 945 2033 imperante
963 1947 1087 2010 bellurn
1097 1951 1176 2012 Par-

408 2051 555 2114 'thorum
573 2053 605 2112 in
627 2067 736 2130 motu,
760 2051 819 2115 sed
836 2050 992 2114 Hadriani
1005 2051 1174 2138 colloquio

424 2175 633 2238 repressum,
656 2167 765 2219 narrat
781 2152 980 2237 Spartianus.

792 2253 812 2292 ἡ

673 2306 692 2344 Ι
907 2301 925 2339 ὕ

575 2398 622 2458 Vt
638 2396 691 2458 tte.
710 2395 752 2458 H.

424 2495 665 2562 ADVENTVI.
693 2493 795 2562 Ave.
821 2491 1058 2558 PHRYGIAE.
1083 2493 1117 2560 S.
1139 2496 1176 2560 C.

424 2594 975 2679 Imperatorseerr'fieeteumgenio
980 2598 1176 2677 provinciae

420 2699 512 2780 pileo
533 2697 678 2781 Phrygio
698 2709 796 2763 tceto.
818 2697 890 2762 ΛΕ.
908 2696 932 2761 Ι.
950 2694 1076 2775 (Vaill.)

569 2802 615 2863 Vt
632 2800 686 2861 tit.
704 2799 747 2864 H.
906 2856 910 2873 ,

424 2899 738 2980 llESTlTVTOlll.
754 2900 990 2967 PHRYGraE.
1004 2903 1037 2967 8.
1055 2901 1093 2967 C.
1110 2902 1175 2965 Im'·

343 3038 348 3051 ·
417 3020 553 3089 perator
570 3001 863 3087 togatusfiguram
876 3024 964 3085 genu
976 3002 1172 3089 flectentem

419 3108 510 3190 pileo
529 3108 674 3188 Phrygio
692 3117 830 3181 tectam,
848 3118 882 3167 et
897 3126 922 3169 s.
933 3108 1054 3187 pedum
1068 3118 1178 3169 tenen·

424 3222 489 3269 tem
503 3208 665 3272 sublevat.
689 3208 756 3267 ΑΕ.
774 3209 798 3271 l.
814 3208 853 3269 ll.
877 3210 977 3291 (Mus.
995 3208 1105 3289 Caes.)

465 3310 517 3371 De
536 3306 695 3389 Phrygia,
725 3304 812 3391 quod
827 3306 868 3369 ad
882 3308 1084 3371 Hadrianum
1100 3330 1175 3392 per·

1056 599 1432 676 nantuattve

1352 774 1428 834 ·Vt
1441 771 1496 836 tir.
1513 773 1556 836 D.

1237 873 1404 940 SICILIA.
1422 873 1503 936 8.(1.
1531 875 1638 956 Caput
1653 877 1830 939 adeersum
1842 877 1990 957 fauete

1232 981 1344 1062 pessis
1351 977 1501 1040 crinibus
1508 977 1582 1039 sine
1588 977 1687 1054 cello,
1702 978 1984 1060 iustequodmee·

1235 1093 1343 1144 strum
1358 1083 1536 1146 murinum.
1552 1079 1624 1145 ΔΕ.
1639 1080 1664 1142 Ι.
1680 1079 1986 1161 (vulterranus-

1234 1181 1367 1262 atinae.)

1376 1285 1421 1346 Vt
1438 1285 1492 1348 tit.
1506 1283 1550 1347 H.
1755 1341 1773 1360 ,

1234 1383 1479 1452 ADVENTVl.
1509 1381 1613 1452 AVG.
1643 1383 1844 1451 SICILIAE.
1878 1388 1914 1451 S.
1947 1392 1983 1453 C.

1236 1490 1325 1562 Am,
1337 1488 1440 1565 jueta
1456 1499 1556 1565 quem
1565 1486 1723 1548 hinestet
1735 1489 1929 1567 Imperator,
1945 1493 1985 1553 tt

1234 1592 1305 1652 line
1317 1587 1556 1669 muliereapt'te
1567 1589 1669 1667 spicis
1687 1588 1862 1665 redimito,
1884 1593 1984 1673 dpe-

1233 1702 1349 1765 trram,
1365 1712 1392 1752 r.
1401 1691 1521 1769 spicas.
1535 1688 1606 1753 ΑΕ.
1616 1689 1642 1750 1.
1654 1688 1772 1770 (Catal.
1784 1689 1982 1775 d'Enuery.)

1233 1793 1304 1858 ΔΕ.
1320 1793 1362 1855 ll.
1381 1792 1514 1865 (Parata
1531 1791 1566 1852 in
1580 1789 1673 1856 sicit.
1690 1790 1757 1855 tab.
1771 1801 1855 1874 174.)

1389 1894 1501 1956 Velit.
1515 1893 1560 1959 H.

1231 1994 1548 2062 RESTITV'I'ORI.
1570 1995 1770 2060 SICILIAE.
1792 1997 1827 2061 S.
1842 1997 1880 2060 C.
1922 1998 1982 2060 Im·

1229 2109 1369 2180 perator
1384 2108 1522 2198 tegetes
1539 2099 1693 2162 sublevet
1708 2101 1881 2164 mulierem
1896 2120 1981 2182 genu

1223 2199 1418 2286 flectentem
1439 2223 1467 2263 r.
1486 2203 1597 2282 spiens
1613 2211 1795 2276 tenentem,
1826 2217 1862 2264 et
1878 2205 1981 2276 eapite

1234 2304 1338 2381 spicis
1354 2303 1519 2364 redt'mr'to.
1540 2301 1612 2363 AB.
1634 2302 1660 2366 Ι.
1683 2303 1725 2368 11.
1747 2303 1884 2386 (Penta
1907 2305 1930 2366 l.
1951 2323 1979 2368 c.

1234 2401 1351 2484 Vnitt.)

1276 2503 1396 2566 Rednx
1416 2523 1459 2567 ex
1480 2503 1616 2581 Achaia,
1658 2505 1747 2592 qnod
1771 2507 1895 2571 Iactum
1918 2509 1983 2570 Til·

1233 2605 1409 2669 lemontius
1426 2620 1541 2669 censet
1558 2609 1602 2674 V·
1619 2610 1656 2673 C.
1674 2611 1754 2693 Spq,
1776 2615 1813 2673 in
1832 2611 1983 2676 Siciliam

1234 2713 1425 2792 navigavit,
1447 2711 1564 2789 inpure
1584 2713 1731 2775 Aetnam
1749 2727 1895 2777 merrtem
1912 2735 1982 2775 con·

1232 2814 1370 2889 scandit,
1386 2813 1515 2876 utrolir
1526 2826 1635 2875 ortum
1648 2817 1784 2890 vitaret,
1806 2838 1907 2879 araus
1918 2838 1983 2899 spe·

1233 2916 1309 2988 σέο,
1338 2926 1378 2975 ut
1401 2908 1552 2990 dicitur,
1588 2918 1721 2977 verium
1752 2920 1791 2999 ⁸).
1822 2919 1923 2981 Numi
1943 2920 1982 2979 ll.

1235 3026 1269 3077 et
1289 3016 1346 3079 111.
1366 3014 1499 3077 facilem
1527 3016 1734 3099 suppeditant
1765 3020 1981 3105 explicatum

1232 3138 1309 3181 nam
1338 3118 1447 3200 spicae
1478 3116 1681 3181 fertilitatem
1718 3136 1848 3199 neunt,
1891 3126 1981 3186 nimi-

1232 3241 1306 3283 rum
1336 3219 1483 3302 cognitas
1510 3219 1635 3284 insulae
1674 3220 1858 3292 facultates.
1916 3229 1980 3295 Sed

1231 3337 1459 3406 argumentum
1472 3310 1572 3384 'numi
1599 3324 1624 3386 l.
1656 3317 1830 3388 molestum
1861 3342 1912 3391 eat
1932 3352 1981 3392 ae·

423 3411 562 3485 tineret,
591 3408 673 3471 nihil
696 3408 847 3472 distinete
871 3422 1012 3474 veteres.
1048 3412 1173 3492 Pileua,
1228 3425 1348 3508 nigma.
1394 3426 1585 3491 Vaillnntius
1620 3440 1717 3508 eaput
1748 3428 1834 3490 illud
1869 3432 1978 3495 adeer-

424 3533 489 3599 que
508 3511 622 3597 genius
641 3510 778 3595 tegitur,
799 3512 970 3596 proprium
984 3512 1046 3574 tuit
1068 3513 1173 3597 Phry·

424 3636 501 3699 gum
527 3628 712 3699 gestamen,
747 3627 780 3676 et
797 3614 857 3677 ille
876 3616 973 3694 tecti,
1008 3616 1172 3700 simulque

422 3714 510 3803 pedo
526 3718 653 3793 armati,
676 3714 899 3781 scilieetmitae
917 3716 1106 3801 pastoritiae
1122 3742 1173 3781 ar·

423 3832 599 3927 gumentol
620 3818 654 3878 in
670 3831 819 3905 reteruun
836 3821 1053 3883 monumentis
1071 3841 1170 3905 saepe

422 3922 588 4007 linguntur
606 3921 750 3983 illustres
765 3920 930 4006 Phryges,
952 3922 1062 3999 Paris,
1081 3924 1168 3985 Mur·

423 4045 513 4107 ayss,
535 4022 658 4097 Midas,
680 4021 812 4107 aliique.

783 4124 804 4159 ἶ

664 4174 683 4209 fi
902 4172 921 4211 ff

570 4254 603 4310 V
652 4254 683 4314 '.
739 4295 749 4315 .

422 4252 683 4419 EXERCIIt'lilS.
701 4249 933 4421 IJIIAETICVS.
955 4355 989 4419 S.
1008 4355 1044 4417 C.
1071 4355 1175 4434 Impe-

423 4470 517 4518 rator
532 4461 570 4519 r'n
588 4458 670 4519 aliis
686 4466 797 4532 stans,
820 4457 856 4515 in
874 4457 955 4517 eliis
970 4476 1067 4534 eques
1085 4455 1175 4518 mitt·

1230 3546 1302 3589 aum
1320 3546 1393 3590 esse
1408 3527 1565 3591 Medusae
1585 3530 1713 3605 statuit,
1735 3532 1980 3619 Havereampm

1231 3628 1338 3705 Solis,
1368 3628 1423 3715 qui
1452 3649 1574 3713 nempe
1603 3631 1666 3695 hue
1687 3633 1772 3697 faeie
1795 3656 1912 3721 saepe,
1948 3652 1980 3698 ut

1230 3733 1292 3808 ait,
1336 3731 1370 3791 in
1397 3731 1602 3795 Rhodiorum
1640 3736 1748 3797 numia
1777 3738 1979 3815 observatur,

1233 3848 1365 3898 etcum
1392 3849 1598 3918 compertam
1619 3836 1678 3913 ait,
1711 3838 1774 3901 hos
1808 3842 1979 3923 Syracusas

1232 3935 1360 3999 celenis
1388 3929 1632 4020 frequentasse,
1676 3960 1719 4002 en
1747 3961 1878 4006 cauum
1913 3945 1978 4028 typi
2091 3989 2092 3998 .

1232 4036 1328 4121 hujna
1357 4034 1393 4099 in
1416 4038 1560 4101 Sieiliam
1580 4040 1728 4104 translati
1742 4041 1786 4125 ¹¹).
1829 4046 1859 4107 1²
1862 4048 1979 4109 uerint·
2091 4059 2092 4082 ¹

1231 4162 1274 4203 ne
1305 4141 1479 4205 monetarii
1507 4143 1646 4205 Romani
1668 4144 1752 4209 adee
1773 4149 1899 4231 arguti,
1927 4164 1979 4211 ant

1232 4244 1316 4307 aden
1343 4244 1376 4305 in
1407 4258 1532 4307 aretum
1561 4246 1705 4324 redacti,
1744 4262 1798 4328 ut,
1828 4270 1904 4312 eum
1933 4252 1979 4313 Si·

1231 4345 1341 4409 eiliarn
1369 4346 1564 4411 adumbrare
1597 4348 1750 4426 vellent,
1794 4350 1834 4413 ad
1873 4352 1977 4415 lesem

1231 4448 1332 4526 hane,
1371 4460 1407 4511 et
1431 4450 1613 4532 ignobilem
1641 4450 1685 4514 de
1707 4452 1873 4516 advocatia
1893 4454 1978 4518 Rha

423 4558 682 4637 resndtopnttur.
694 4556 1173 4639 AE.t11.(vaill.Mus.caea)
1231 4551 1275 4613 (Io
1297 4545 1424 4614 celenis
1445 4553 1618 4635 peristasin
1640 4554 1824 4640 eoufngere
1842 4578 1976 4622 neeesse

668 4704 687 4743 g
787 4657 807 4694 ⁸
910 4707 930 4746 5
1230 4654 1348 4727 luerit,
1385 4655 1534 4741 ambigo,
1563 4678 1637 4720 eum
1665 4657 1774 4721 usitati
1808 4660 1886 4737 alii,
1923 4682 1978 4723 ne·

460 4851 492 4923 a)
507 4848 653 4927 spartian.
766 4854 799 4923 b)
820 4856 893 4911 llus.
913 4852 1091 4911 Christiane.
1110 4874 1179 4932 pag.
1188 4858 1234 4919 σο.
