4267 5500
494 537 566 621 286
998 522 1233 600 VXORES
1256 522 1293 599 N
1301 522 1529 599 ERONIS.

421 728 425 741 ·
496 697 745 769 AGRIPPINA.
770 694 872 764 ΔΥΕ.
901 694 1095 778 Agrippina
1114 694 1241 757 redens.
1294 714 1351 773 ro,
1387 694 1556 760 interemit
1580 706 1709 771 tamen,
1734 713 1798 758 neu
1822 695 1935 783 quidem
1957 700 1989 763 de

495 808 570 873 m,
584 806 640 867 111.
1296 796 1448 873 eouaiiio,
1465 796 1539 880 „aed
1567 816 1630 879 per
1655 795 1815 859 sonnium
1829 799 1989 864 iracundiam

560 908 598 968 ln
628 900 765 986 reliquia
796 884 962 985 pletia'que
990 896 1138 980 jungitur
1165 916 1240 960 enm
1296 899 1398 963 ealeia
1416 898 1484 963 ietu
1511 894 1691 973 adflictam,
1723 899 1808 981 quod
1825 921 1858 965 ae
1875 921 1911 963 ex
1926 902 1990 964 anri

497 1008 614 1073 marito
629 1007 763 1069 Nerone
779 1000 871 1065 nullo
890 998 1096 1064 memorabili
1110 1010 1198 1083 typo.
1276 1016 1281 1023 ·
1298 1000 1429 1083 gutierre
1443 1018 1520 1063 uero
1536 1017 1706 1064 reversum
1720 1000 1859 1084 gravida,
1874 1017 1903 1066 et
1915 1023 1990 1085 aegra

561 1109 643 1192 Ejna
665 1106 761 1169 etiam
777 1100 899 1167 mentio
918 1099 955 1162 lit
974 1100 1009 1161 in
1028 1100 1136 1162 numia
1151 1099 1241 1163 eelo-
1297 1101 1454 1169 eenrieiia
1473 1100 1653 1164 ineeruerat
1673 1102 1715 1170 V.
1733 1104 1769 1167 G.
1788 1105 1846 1168 aaa
1859 1106 1894 1187 ἡ.
1910 1096 1993 1165 'uon

378 1268 388 1289 ,
498 1212 625 1276 uiarum
651 1209 865 1279 incertarum,
894 1208 976 1285 quor
999 1220 1098 1284 aupra
1127 1200 1162 1262 in
1184 1224 1242 1263 nu·
1298 1218 1354 1267 tna
1376 1201 1569 1267 tentemini
1595 1201 1793 1266 desiderium
1807 1206 1919 1269 Neroni
1935 1206 1993 1267 reli·

498 1314 561 1378 ruia
573 1310 699 1375 Claudii
710 1303 877 1370 commatis
891 1303 1060 1387 peregrini
1072 1301 1243 1385 descripsi,
1301 1305 1387 1390 quit,
1405 1318 1440 1367 ut
1455 1324 1523 1367 uon
1534 1303 1597 1368 alia
1613 1304 1657 1369 de
1674 1326 1769 1371 cauta
1785 1326 1881 1391 puero
1894 1305 1995 1380 liberto,

500 1428 535 1479 et
556 1410 688 1496 quidem
710 1409 744 1469 in
767 1404 933 1470 eonaortio
950 1402 1060 1465 fratria
1084 1403 1247 1467 Britanni·
1302 1406 1357 1470 eui
1390 1406 1499 1489 Spero
1527 1426 1667 1484 nemen,
1701 1407 1737 1469 in
1770 1409 1872 1473 uxoria
1896 1406 1997 1470 modun

400 1540 403 1547 ’
501 1517 550 1592 ei,
584 1526 618 1577 et
647 1508 771 1577 sororia
793 1505 966 1569 Antoniae.
1008 1506 1091 1567 item
1118 1505 1153 1567 in
1181 1506 1246 1568 alio
1303 1520 1474 1583 uteretur,
1504 1528 1599 1592 quam
1628 1510 1719 1593 qnod
1743 1511 1901 1595 Poppaeae
1920 1508 1998 1570 lerna

502 1614 650 1681 coloniae
685 1612 829 1674 incertae
868 1626 942 1669 eum
980 1606 1086 1687 eapite
1126 1606 1245 1684 mariti,
1304 1610 1585 1674 rimillimnaeanet
1604 1609 1642 1688 ί).
1665 1612 1748 1674 Eam
1760 1624 1999 1696 aauepoateanen·

502 1737 602 1801 quem
622 1706 758 1779 recitari
783 1710 817 1771 in
839 1718 970 1772 moneta
986 1706 1165 1794 peregrina
1181 1709 1247 1773 Ne·
1303 1711 1444 1777 recrevit
1470 1724 1636 1783 exstructo
1667 1714 1739 1798 ejna
1767 1713 1879 1777 benori
1895 1710 1999 1795 templo,

501 1817 602 1880 renis.
884 1898 891 1903 ι
1303 1810 1393 1897 quod
1422 1812 1581 1895 patefacta
1610 1814 1674 1899 jam
1705 1815 1847 1884 Vindicis
1873 1812 1997 1879 reditione

1304 1913 1466 1979 dedicarit
1494 1914 1652 2000 inseripte
1685 1916 1720 1979 ei
1748 1917 1855 1979 titulo:
1890 1916 1999 1979 Sullane

478 2094 480 2097 ¹
504 2022 600 2084 onr
613 2018 663 2083 11.
1304 2019 1386 2079 deur
1404 2018 1527 2081 Veneri
1538 2031 1713 2082 matronae
1718 2022 1869 2104 fecerunt
1884 2019 1920 2096 a).
1948 2017 2000 2075 Ne·

1303 2118 1429 2180 moriae
1453 2117 1617 2202 proditum
1640 2133 1710 2197 eat,
1744 2118 1824 2182 adeo
1845 2139 1906 2182 eam
1925 2116 2002 2177 inlu·

605 2264 636 2323 p
646 2258 674 2321 0
684 2258 712 2320 p
719 2255 793 2320 pA
800 2252 830 2317 Ε
837 2254 874 2317 Α
918 2252 989 2317 SA
998 2253 1147 2321 ΒῙΝΑθ
1303 2238 1400 2295 xum,
1422 2233 1456 2283 et
1472 2220 1714 2287 conservandae
1731 2221 1851 2284 formae
1864 2216 2002 2283 illecebras

1305 2317 1408 2382 inisse
1429 2340 1641 2405 propensam,
1667 2337 1707 2387 ut
1720 2324 1821 2387 mulae
1842 2320 2006 2386 baberetur

567 2424 648 2505 Ejua
679 2445 756 2489 avua
787 2435 951 2485 maternus
982 2419 1045 2482 luit
1076 2421 1250 2504 Poppaeus
1306 2420 1373 2484 reia
1391 2420 1683 2504 roleiaealeeataa,
1713 2438 1748 2489 et
1769 2424 1943 2509 quingentae
1963 2415 2006 2480 rai·

508 2522 646 2605 Sabinus
673 2525 723 2588 vir
747 2522 943 2598 consularia,
972 2542 1009 2584 ae
1034 2520 1249 2605 triumphalia,
1306 2541 1368 2585 nae
1391 2522 1537 2607 quetidie
1558 2524 1802 2609 mulgerentur,
1824 2542 1940 2610 quarum
1956 2519 2007 2601 ipsu

446 2688 449 2695 ,
505 2638 600 2711 pater
634 2628 673 2689 Τ.
700 2622 827 2697 Olliua,
864 2622 1004 2686 amicitia
1031 2622 1143 2705 Sejani
1176 2643 1252 2707 per·
1307 2624 1394 2687 laete
1413 2624 1579 2691 lavaretur
1591 2629 1638 2708 b),

504 2745 641 2809 verau23
673 2739 706 2790 at
736 2744 809 2789 euru
839 2723 890 2790 ari
911 2743 1032 2787 nomeu
1063 2738 1151 2789 earet
1179 2724 1254 2786 illu·

507 2829 624 2906 ruina,
648 2829 712 2891 boe
735 2827 783 2890 uti
807 2827 919 2890 maluit
941 2831 982 2908 ¹).
1021 2827 1174 2910 Denupta
1191 2825 1254 2888 fuit
1612 2811 1762 2878 Numi:

506 2932 595 3026 Nulo
610 2930 777 3014 Crispino,
803 2947 844 2990 ex
862 2947 967 3013 eoque
984 2925 1087 2989 lilium
1102 2928 1167 3010 jam
1185 2950 1253 2993 aue
1378 2931 1560 2994 commatis
1574 2933 1719 2997 Romam·
1734 2931 1871 2996 nondum
1883 2929 1990 3014 reperti

506 3034 593 3098 tulit.
643 3033 819 3094 Mulierem
858 3030 963 3092 formu
999 3024 1177 3114 insignem,
1215 3050 1253 3093 ae
1377 3033 1560 3096 commatis
1571 3022 1746 3115 peregrini
1767 3033 1877 3119 signati
1896 3025 2012 3094 nonnulli

508 3134 562 3199 vel
593 3133 669 3196 ideo
691 3133 730 3196 ad
763 3152 890 3194 omnem
922 3129 1091 3195 libidinem
1123 3131 1254 3216 pronio-
1312 3132 1346 3193 in
1366 3134 1503 3194 urbibus
1522 3132 1677 3211 Graecis,
1705 3135 1885 3219 Magnesiae
1898 3123 1932 3195 ad
1945 3131 2013 3211 Sipy-

506 3257 581 3298 rem
608 3233 699 3297 Otho
725 3233 851 3293 Neroni
877 3233 1134 3309 commendarit,
1160 3253 1256 3317 quam
1311 3235 1397 3309 lum,
1418 3231 2013 3320 preai,1eonii,Smyrnae,bnryrut

509 3337 540 3398 ia
569 3323 704 3419 probriu
730 3333 835 3396 dorma
862 3354 899 3396 ae
925 3333 1068 3396 moribus
1097 3335 1193 3398 facile
1222 3337 1256 3396 in
1312 3334 1492 3418 Pbrygiae,
1524 3335 1613 3420 iique
1636 3357 1754 3403 omnes
1780 3335 1937 3421 admodum
1955 3329 2012 3392 roi·

513 3431 667 3500 adulterii
681 3433 942 3500 communionem
958 3435 1087 3517 recepit
1106 3432 1149 3517 ¹³).
1188 3435 1256 3499 Sed
1312 3437 1422 3500 blinur
1444 3435 1512 3498 rari
1527 3439 1764 3503 Alexandrini
1786 3438 1922 3523 argentei
1936 3433 2013 3496 niro

513 3538 601 3603 enim
636 3538 758 3603 demina
794 3538 957 3621 impotens
992 3537 1161 3599 adulterae
1198 3557 1256 3599 no-
1311 3538 1505 3621 plerumque
1522 3536 1731 3604 multenere.
1761 3541 2013 3603 lnbiaeertoaan·

472 3676 473 3684 κ
511 3663 588 3704 men
618 3639 791 3728 dedignata
827 3639 971 3723 perpulit
1000 3641 1185 3717 Neronem,
1221 3652 1256 3701 ut
1311 3661 1372 3703 noa
1388 3638 1544 3702 habemur
1561 3641 1600 3705 L.
1612 3637 1654 3706 Θ.
1670 3642 1698 3706 Ι.
1714 3643 1775 3706 ῙΑ.
1811 3625 2013 3705 arundel.

513 3743 681 3809 exturbata
724 3742 865 3832 primum
904 3739 1058 3816 Octavia,
1104 3761 1181 3803 mex
1215 3740 1256 3802 ad
1312 3738 1692 3827 IA,queaiueatalogir
1705 3733 2014 3827 promulgatorridtu

428 3891 432 3900 .
513 3859 655 3908 mortem
683 3843 794 3908 adacta
820 3841 928 3905 eidem
954 3841 1159 3904 matrimonio
1186 3841 1258 3925 jun·
1312 3842 1400 3906 baud
1421 3841 1520 3904 dubie
1541 3863 1600 3906 aen
1619 3864 1682 3927 per
1703 3845 1882 3922 deiectum,
1905 3855 2016 3919 reaper

515 3959 653 4032 geretur
681 3946 722 4014 V.
745 3948 782 4011 C.
804 3947 881 4011 815.
895 3943 949 4007 die
976 3959 1051 4028 pert
1081 3943 1257 4006 diromium
1314 3964 1484 4007 exueranm
1498 3943 1629 4007 fallunt.¹

514 4047 709 4112 duodecimo
733 4049 776 4128 ο).
812 4049 908 4108 Anne
925 4044 1083 4132 'aequente
1108 4045 1202 4108 enirn
1220 4040 1258 4103 fi·
1375 4044 1564 4130 Epigrapbe
1580 4045 1614 4106 iu
1632 4044 1786 4110 Graeciae
1817 4035 2017 4108 nonnam.

448 4197 452 4206 ·
512 4152 590 4214 liam
619 4152 798 4230 Augustae
830 4161 1005 4232 propterea
1035 4146 1181 4223 tuntum,
1220 4166 1257 4208 ue
1313 4140 1552 4209 ΣΕΒΑΣΤΗ.
1571 4149 1645 4211 vel:
1671 4141 1933 4210 nonnam.
1956 4135 2020 4199 ΝΕ·

514 4255 691 4316 immeuaoa
701 4250 874 4312 bonereaa
891 4262 1008 4310 uenatu·
1017 4247 1169 4309 decretor
1187 4246 1258 4308 aba·
1313 4245 1494 4311 ΡΩΝΟΣ.
1513 4239 1782 4314 ΣΕΒΑΣΤΟΤ.
1804 4245 2020 4332 Saepeejnrra·

513 4355 587 4418 tulit
608 4352 650 4438 d).
688 4353 813 4420 Verum
830 4371 924 4434 quam
947 4350 1043 4412 unice
1066 4347 1180 4411 dilexit
1193 4349 1258 4410 Ne·
1312 4361 1372 4430 put
1387 4347 1619 4433 jungitnreum
1635 4352 1741 4436 eapite
1757 4351 1900 4417 Neronia.

509 4483 2016 4518 ww

549 4584 931 4662 a)t.·aait.ann.x111.aa.
1006 4583 1041 4655 h)
1061 4583 1158 4641 Tacit.
1172 4580 1226 4640 le.
1289 4582 1674 4654 ‚e)'1beit.alnn.X1V.60.
1696 4587 1870 4653 Suea‚c,35,
1934 4577 2022 4652 «1)Τι·

381 4673 384 4680 ’
516 4675 785 4740 οἰιΑηη.ΧΥ.Ἰ3-
833 4678 893 4748 e)
911 4675 1004 4730 Tacit.
1019 4672 1222 4736 AumXVL6.
1242 4671 1324 4732 Suel.
1339 4685 1420 4736 ess.
1438 4675 1497 4731 Dio
1510 4675 1639 4734 duxlt.
1654 4679 1676 4748 §-
1687 4691 1733 4740 27.
1808 4665 2018 4750 Olliobffld

512 4769 593 4837 §.aa
667 4767 700 4846 ς)
719 4765 814 4824 racia.
829 4763 990 4830 mavi.
1004 4775 1050 4828 aa.
1067 4763 1124 4820 oto
1137 4761 1282 4828 amaru.
1298 4767 1377 4840 ,aa
1452 4765 1489 4838 a)
1508 4766 1565 4823 nto
1579 4765 1711 4826 aaut.
1725 4770 1806 4842 §.aa
