4267 5500
1013 558 1345 634 v1rnnn1v8.

612 730 821 797 Coloniarum
870 762 886 780 .
970 762 983 779 .
1058 761 1083 821 ‚⁸
1167 762 1181 777 .
1264 760 1281 779 .
1361 760 1377 779 .
1440 722 1473 775 ·.
1553 758 1569 776 .
1652 724 1697 793 ο,

610 832 822 900 Alexandrini
876 858 1570 885 ........
1653 827 1727 895 1111,
1796 887 1801 898 .

966 1148 1015 1215 A.
1051 1140 1372 1211 VITELLIVS.

451 1331 662 1405 Vitelliorum
683 1348 788 1413 genua
808 1328 865 1392 alii
885 1330 1131 1415 perantiquum,
1187 1339 1224 1389 to
1244 1323 1413 1391 cervant·
1433 1322 1551 1395 ommia
1570 1342 1667 1389 auum
1687 1320 1753 1406 ipai
1771 1322 1946 1393 Vitellium

388 1451 424 1503 et
444 1455 465 1502 e
487 1432 744 1513 Subiniuortum
766 1429 898 1505 dixere,
931 1432 986 1495 alii
1014 1432 1135 1516 perob-
1189 1428 1423 1513 imperatorem
1456 1425 1659 1501 uluturere,
1696 1426 1752 1491 cui
1782 1426 1941 1491 continuo

388 1558 538 1613 acerum,
568 1554 606 1598 uo
628 1531 827 1618 pudendum.
869 1532 1022 1599 Vitellios
1045 1556 1134 1599 uum·
1190 1543 1400 1595 uooeeaerunt
1414 1528 1568 1613 legiones
1582 1528 1779 1593 Germaniae
1792 1528 1941 1612 reperio·

387 1639 502 1727 primis
528 1636 656 1700 nobiles
682 1646 842 1717 regnante
863 1649 1031 1717 postremo
1053 1640 1134 1700 Tar-
1191 1636 1253 1711 rie,
1283 1654 1361 1696 mur
1387 1631 1544 1716 Belgica,
1574 1629 1822 1715 Lugdunensis,
1857 1632 1942 1695 llae-

388 1742 500 1827 quinio
529 1738 691 1803 exstitiaae
720 1739 846 1802 Romee
873 1752 1055 1801 memorant
1080 1738 1136 1799 Li·
1191 1737 1255 1813 tia,
1294 1733 1473 1799 Britannia.
1523 1734 1629 1797 Caeao
1662 1732 1790 1796 interea
1817 1734 1945 1797 Romae

388 1840 460 1915 vine
480 1842 528 1921 ¹),
557 1852 591 1903 et
615 1834 875 1919 ploraverunt).
919 1840 956 1900 P.
980 1839 1135 1907 Vitelliua
1193 1838 1313 1911 Gulba,
1349 1850 1447 1921 etque
1482 1834 1672 1911 intellecto,
1710 1847 1862 1901 ereetum
1903 1832 1948 1900 ed

385 1942 482 2026 haina
502 1940 607 2013 neutri
632 1963 710 2007 arna
733 1938 831 2006 doute
851 1940 1007 2017 Nuceria,
1033 1961 1135 2027 equea
1193 1939 1368 2024 imperium
1407 1937 1594 2015 Othonem,
1637 1933 1791 2001 nimirum
1830 1948 1947 2000 centn

387 2048 570 2121 Romaene,
596 2056 630 2107 et
649 2063 761 2107 rerum
779 2043 919 2127 Augeati
940 2056 1137 2127 procuretur
1194 2043 1281 2107 huuc
1297 2040 1462 2107 eemnlem
1476 2039 1751 2133 proficiscendum
1768 2050 1851 2113 erut.
1877 2038 1942 2101 Er-
2013 2096 2021 2106 ,

388 2160 526 2233 quatuor
547 2144 681 2228 reliquit
703 2142 808 2223 filius,
833 2144 954 2207 Aulum
969 2145 1004 2207 iu
1021 2166 1137 2210 cunan-
1194 2165 1238 2231 go
1269 2144 1452 2235 exercitum
1476 2142 1629 2208 ,anunm
1660 2140 1819 2216 divionna,
1855 2137 1946 2203 duci·

386 2238 454 2313 latu
475 2262 657 2323 mortuum,
688 2244 846 2339 Quintum
872 2248 963 2309 nullu
992 2268 1029 2310 re
1057 2248 1136 2311 iaeia
1192 2250 1319 2333 bneque
1342 2245 1551 2309 commiaautn
1578 2246 1614 2305 in
1641 2242 1766 2307 ltaliam
1790 2241 1944 2325 praemio·

387 2370 507 2435 guum,
545 2348 698 2412 Publium
728 2346 915 2412 Germanici
942 2349 976 2409 in
1007 2348 1135 2431 Syriam
1191 2349 1248 2425 tit,
1279 2347 1468 2433 fructusque
1492 2348 1634 2431 primum
1657 2344 1823 2409 nonnullis
1852 2362 1946 2424 prae·

385 2451 558 2527 comitem,
578 2463 613 2513 et
637 2448 836 2515 Cn.Pieonia
853 2450 1058 2515 accuratione
1076 2471 1135 2516 no·
1168 2448 1262 2523 ‘liin
1292 2469 1370 2512 mox
1398 2450 1502 2512 relata
1515 2446 1652 2535 ‚insigni
1681 2447 1723 2511 ad
1742 2445 1944 2509 Bedriacum

295 2590 299 2608 .
385 2551 506 2627 bilem,
533 2550 671 2613 Lucium
692 2550 796 2615 noatri
812 2551 890 2613 auti
909 2564 1056 2635 patrem,
1080 2564 1135 2615 ter
1190 2550 1346 2623 victoria.
1384 2562 1420 2613 et
1450 2550 1585 2615 Othone
1616 2547 1799 2619 voluntarie
1832 2560 1943 2611 morte

386 2652 559 2727 conauleua
575 2671 815 2727 recenserem,
832 2651 875 2715 de
891 2672 956 2736 qno
974 2653 1068 2736 plura
1086 2653 1134 2717 in·
1190 2652 1389 2737 interempto
1418 2651 1594 2736 imperium
1623 2650 1713 2715 aolua
1738 2648 1857 2717 teuffit.
1894 2652 1945 2711 ln·

384 2755 435 2820 ira
463 2755 504 2819 ud
531 2756 602 2838 ejua
631 2775 773 2816 numum.
812 2755 863 2816 Ex
891 2755 974 2831 hue,
1003 2769 1039 2818 et
1065 2779 1132 2830 naa-
1188 2775 1321 2838 greaana
1350 2753 1468 2817 urbem
1500 2753 1596 2819 brevi
1626 2754 1748 2836 juatum
1777 2752 1943 2816 bonorum

384 2871 436 2922 tre
463 2856 599 2924 Sextilia
630 2855 855 2940 probatissima
884 2855 1006 2918 lemine
1037 2871 1131 2921 natue
1186 2859 1331 2920 ennium
1360 2856 1472 2920 edium
1499 2854 1640 2922 incurrit
1667 2853 1715 2918 ob
1740 2854 1945 2919 coniuratio·

383 2973 436 3024 eat
447 2961 487 3022 A„
498 2958 652 3026 Vitellius
666 2960 708 3026 V.
719 2958 755 3022 C.
768 2959 832 3040 768
846 2960 965 3028 menaia
981 2959 1131 3042 Septem·
1185 2979 1281 3037 nuru,
1308 2973 1343 3022 et
1360 2979 1538 3022 coenarum
1560 2955 1791 3040 intemperie·
1810 2969 1846 3019 et
1871 2955 1941 3020 ire·

383 3061 452 3126 lario
475 3059 528 3130 die
552 3060 658 3126 minna
681 3073 788 3124 uarro.
817 3059 972 3124 Probuvit
994 3081 1030 3124 ae
1052 3083 1130 3124 mox
1185 3061 1362 3144 quentiam,
1377 3059 1495 3145 quibua
1514 3057 1665 3143 purandia
1682 3057 1940 3130 exhauriebatur

385 3161 521 3238 Tiberio
539 3181 601 3246 per
617 3161 815 3244 voluptates,
842 3181 915 3224 nam
931 3175 966 3225 et
983 3162 1053 3246 ipro
1071 3165 1130 3225 Ca·
1186 3162 1365 3238 aerarium,
1383 3174 1452 3237 tum
1467 3161 1627 3237 luxuriue,
1645 3174 1680 3226 ct
1696 3159 1851 3226 eeevitiue
1868 3158 1944 3224 diro

383 3264 472 3346 preiu
498 3265 661 3342 spintriam
685 3281 806 3324 nomen
836 3275 886 3324 eat
914 3265 1130 3344 promeritus,
1185 3265 1358 3348 exemplu,
1388 3277 1424 3327 et
1449 3263 1539 3347 quod
1565 3263 1675 3326 medio
1703 3262 1824 3326 lertio
1855 3283 1943 3334 cam·

385 3361 553 3446 Caligulae
582 3383 644 3444 per
674 3363 860 3447 aurigandi,
899 3364 1036 3427 Claudio
1070 3385 1130 3448 per
1186 3385 1232 3448 po
1251 3365 1396 3429 adhibita
1415 3365 1623 3449 publicorum
1644 3362 1853 3431 sacerdotnm
1873 3363 1941 3429 ire·

383 3465 474 3528 eleue
494 3461 651 3538 atudium,
679 3464 803 3526 Neroni
822 3479 960 3547 prepter
979 3467 1060 3531 haee
1078 3489 1131 3532 ea·
1189 3466 1321 3550 quentia
1340 3469 1474 3530 mittere
1491 3467 1771 3534 Neroniinleriea
1791 3486 1858 3529 nun
1881 3467 1943 3528 de-

357 3565 470 3630 'dctn
508 3564 559 3627 ab
591 3565 641 3629 his
672 3565 819 3630 adfectus
851 3564 1030 3631 honoribus
1064 3591 1130 3632 am·
1187 3566 1316 3645 litavit,
1339 3589 1381 3632 ex
1398 3588 1464 3654 quo
1484 3569 1601 3650 patuit,
1626 3568 1716 3652 quod
1737 3567 1800 3633 sibl
1825 3569 1859 3628 iu
1886 3569 1942 3630 ud·

382 3668 537 3752 pliueimia
559 3667 592 3728 in
604 3667 749 3731 Africam
776 3666 911 3730 enbiude
931 3671 1132 3750 proconsule
1187 3669 1400 3746 ministrando
1422 3670 1564 3753 imperio
1586 3669 1755 3752 exemplar
1775 3643 1943 3752 praefigo}

381 3769 480 3846 abiit,
518 3791 653 3854 eamque
677 3767 878 3852 provinciam
899 3769 1030 3832 biennio
1054 3791 1130 3854 oon·
1187 3783 1250 3835 ret.
1294 3769 1369 3866 Quo
1404 3771 1571 3834 communi
1603 3771 1749 3833 omnium
1785 3771 1941 3834 ordinum

384 3871 476 3935 tineo
524 3871 767 3935 administrarit.
830 3870 949 3935 Redux
991 3873 1129 3935 Boream
1188 3871 1265 3936 odio
1285 3873 1447 3958 patefacto
1469 3873 1684 3956 Vcapaaianuu
1705 3870 1844 3936 Iudaeae
1867 3887 1938 3936 tum

382 3975 474 4036 urbia
503 3974 611 4036 munia
642 3972 760 4049 obivit,
793 3973 909 4036 mieeua
938 3971 1081 4059 denique
1111 3997 1131 4037 u
1187 3995 1335 4058 praeaea,
1368 3976 1430 4037 etei
1458 3975 1549 4059 ipee,
1579 3989 1676 4059 atque
1705 3975 1873 4038 exercituo
1900 3975 1936 4035 iu

381 4075 485 4153 Gulbu
512 4075 639 4159 legatur
666 4073 858 4136 Germaniae
885 4073 1052 4138 inferioria
1081 4077 1129 4139 la·
1187 4076 1316 4144 Vitellii
1337 4075 1439 4148 verbu
1457 4076 1636 4160 inruerent,
1667 4074 1862 4159 persuaderi
1881 4075 1938 4138 de·

383 4177 534 4264 giouibna
554 4175 758 4260 praeponitur
781 4187 831 4237 ert
855 4175 896 4244 V.
912 4177 949 4240 C.
972 4177 1044 4239 lior.
1084 4172 1129 4239 Ar
1187 4173 1348 4262 nique'ae
1371 4197 1483 4261 paaaua
1510 4191 1577 4253 eat,
1601 4191 1638 4241 nt
1662 4177 1843 4241 oblutume
1870 4177 1939 4239 anie

381 4301 463 4346 reru
497 4278 617 4358 militer¹
647 4275 770 4340 Galbae
808 4271 981 4358 imperium
1017 4269 1127 4368 exori,
1183 4275 1357 4363 imperium
1384 4291 1586 4362 acceptaret,
1620 4278 1713 4368 eujue
1746 4277 1938 4362 exemplum

383 4401 456 4446 eum
484 4379 641 4465 proximis
668 4377 823 4442 lialendie
850 4379 916 4441 Ian.
942 4379 984 4446 V.
1005 4381 1040 4444 C.
1063 4381 1126 4442 liae
1185 4394 1315 4444 secutae
1336 4395 1412 4444 eunt
1438 4401 1506 4443 non
1526 4379 1625 4444 medo
1656 4375 1782 4445 vicinae
1808 4381 1937 4464 Syriae,

384 4506 425 4549 ex
452 4503 546 4546 more
567 4483 602 4544 iu
624 4481 747 4554 Galbae
778 4478 876 4544 rerba
900 4479 1009 4563 jurene
1031 4502 1050 4545 a
1071 4483 1128 4548 vi·
1182 4496 1218 4545 et
1237 4483 1381 4569 Aegypti
1408 4483 1574 4568 legionea,
1606 4479 1666 4546 aed
1699 4480 1806 4544 dieaiti
1836 4482 1938 4546 etiam

379 4587 474 4652 tellio
496 4585 705 4668 juberentur,
739 4579 921 4648 detreotutu
948 4575 1127 4647 aacramen·
1183 4581 1308 4669 magula
1332 4601 1495 4648 terrarum
1518 4583 1679 4669 muriaque
1706 4583 1822 4668 opetiia
1842 4587 1939 4648 llor-

394 4813 451 4881 ,e)
470 4805 549 4866 ΜΗ,
565 4815 626 4868 ol.
699 4803 735 4878 b)
755 4805 784 4864 iu
799 4805 961 4884 Poplicola.
