4267 5500
783 567 1065 650 RVGVSTV
1077 568 1116 648 S·
1657 597 1742 684 roes

168 733 355 818 Augustum
378 735 471 825 inter¹
490 735 581 801 initia
603 735 750 823 Sphinge
773 737 918 825 signasse
1040 743 1077 806 ln
1095 739 1269 823 postremis
1288 739 1429 809 denariis
1442 743 1635 812 lilvirorum
1652 767 1724 816 mo·

170 834 340 920 epistolas.
975 843 1133 926 natalium
1153 844 1300 928 supplice
1318 846 1472 912 Armenia
1487 848 1551 924 rite
1568 849 1722 938 exprimi·

168 963 177 972 ·
234 937 333 1001 Tiara
363 936 468 1014 numi·
484 942 525 1003 11.
556 939 709 1024 proxime
734 939 778 1004 ad
802 941 920 1006 Arme·
976 956 1039 1020 tur,
1055 944 1143 1029 qued
1157 946 1243 1009 canit
1257 945 1406 1028 Ovidius,
1422 947 1482 1013 sed
1497 935 1603 1017 multo
1614 950 1726 1020 setim

167 1039 256 1102 mam
282 1038 445 1115 refertur,
472 1040 558 1124 quud
585 1042 732 1125 probant·
748 1042 839 1104 numi
864 1043 919 1106 Ti·
977 1045 1144 1120 dePouto
1166 1037 1323 1132 arripiam
1344 1047 1388 1131 ¹)t

168 1139 280 1222 giauia
309 1139 488 1205 Armeniae
514 1143 623 1228 regis,
655 1156 699 1228 et⁴
718 1147 764 1208 lli.
786 1143 939 1218 Antonii,

167 1241 287 1306 mitri.

234 1341 397 1406 Victoria.
409 1355 538 1407 taurum
566 1343 720 1429 subigens
747 1347 837 1410 numi
850 1401 852 1406 .
864 1349 918 1413 111.
931 1410 936 1422 ,

165 1443 346 1528 aenigmati
373 1447 521 1530 propior.
567 1447 760 1530 Ingeniosa,
801 1463 835 1514 et
864 1471 936 1515 τοι

167 1547 315 1614 sisimilis
335 1559 387 1610 est
404 1549 563 1612 sententia
583 1570 715 1630 eorum,
741 1552 796 1636 qni
823 1563 917 1616 tauro
1683 1634 1687 1640 .
1715 1632 1720 1639 ,

167 1649 304 1714 subacto
325 1663 475 1718 montem
495 1653 657 1728 Taurum,
690 1666 724 1716 et
751 1652 839 1738 quod
862 1655 934 1720 hio¹
976 1639 1150 1735 Singulare
1178 1647 1265 1717 istud
1286 1652 1320 1716 in
1343 1651 1451 1717 numia
1475 1671 1550 1719 cum
1571 1655 1739 1744 equitet„

988 1239 996 1258 .
1021 1185 1139 1256 'iluna
1157 1192 1246 1275 petit
1268 1192 1454 1256 Armenius
1474 1211 1611 1275 paoem,
1633 1181 1727 1260 nuic

1360 1295 1509 1378 porrigit
1526 1317 1639 1360 areum

1076 1387 1231 1457 'Partus
1259 1402 1373 1475 certes,
1412 1398 1534 1458 timida
1562 1409 1725 1480 captaque

1365 1497 1597 1577 signarem.
1716 1529 1721 1536 -

166 1751 203 1834 in
229 1750 420 1814 Armeniam
446 1752 549 1834 ipsam
576 1753 825 1838 porrigitur.·),
855 1754 932 1818 Ars
974 1766 1043 1819 tum
1071 1754 1271 1837 Turpiliani,
1306 1754 1394 1839 quod
1417 1775 1484 1818 non
1510 1755 1609 1820 modo
1632 1773 1720 1845 typo,

166 1855 324 1922 menium·
341 1854 480 1916 indicari
508 1853 709 1933 existimant,
742 1857 798 1943 qui
826 1856 937 1919 lusus·
974 1853 1033 1917 sed
1055 1853 1153 1917 etiam
1176 1855 1389 1938 inscriptione
1413 1856 1594 1926 CAESAR.
1612 1861 1717 1930 DIVI.

165 1956 203 2019 iu
216 1956 336 2018 numia
363 1955 531 2021 veteribus
556 1955 713 2042 frequens
740 1970 807 2036 est,
839 1958 916 2040 quin
973 1956 1011 2018 F.
1029 1955 1237 2040 conspirent,
1266 1978 1348 2040 qnae
1367 1955 1517 2021 adhiberi
1532 1958 1629 2024 solita
1644 1960 1739 2040 fuit„

167 2071 204 2123 et
227 2055 401 2142 aliquando
432 2069 527 2121 tauro
556 2079 661 2123 aeneo
689 2059 915 2126 adumbratum
971 2069 1149 2141 antequam·
1170 2056 1290 2119 Caesar
1317 2057 1457 2141 Augusti
1486 2080 1608 2125 nomen
1637 2063 1720 2126 obti-

164 2173 314 2224 montem
335 2158 422 2224 hunc
444 2159 803 2244 cognominemrelert
818 2162 915 2226 Liba·
971 2170 1078 2235 neret,
1097 2171 1132 2222 et
1146 2155 1234 2243 quod
1248 2157 1356 2243 magis
1367 2159 1545 2243 singulare,
1564 2184 1638 2228 eam
1653 2179 1725 2242 tau-

164 2263 241 2330 miue
264 2259 335 2342 b),
355 2274 390 2323 nt
421 2262 486 2343 jam
517 2283 558 2326 ex
587 2262 740 2328 Rabonio
772 2263 912 2328 advertit
970 2271 1039 2328 tum
1056 2258 1090 2321 in
1107 2258 1159 2322 his
1174 2263 1359 2323 Armeniae
1373 2274 1492 2343 captae
1507 2246 1614 2328 numia
1631 2263 1723 2329 adbi-

167 2361 378 2446 Sublegelius
392 2363 425 2423 in
440 2383 500 2426 sno
514 2362 555 2426 ad
569 2362 655 2429 hunc
671 2387 804 2428 numum
824 2386 912 2431 com·
969 2360 1067 2443 bent3
1090 2380 1166 2424 nam
1187 2362 1222 2422 in
1242 2359 1314 2425 aliis
1337 2361 1504 2442 omnibus,
1526 2386 1610 2450 quos
1631 2386 1720 2431 com·

165 2465 340 2531 mentatio.
369 2465 444 2528 Huc
466 2465 567 2529 etiam
584 2466 680 2545 facit,
703 2467 790 2556 qnod
809 2467 931 2533 refert*
975 2464 1089 2549 plures
1115 2461 1254 2528 dirersis
1280 2461 1364 2547 typis
1391 2464 1552 2544 emisere,
1580 2467 1726 2555 Augusti

166 2567 351 2652 Stephanus
377 2573 428 2650 0):
478 2569 608 2632 Taurus
643 2591 738 2634 maru
776 2571 918 2634 mediam
976 2564 1089 2631 titulus
1107 2584 1271 2650 nunquam
1289 2564 1459 2630 omittitur·

166 2675 294 2738 Asiam
314 2670 515 2752 pervadant,
542 2655 620 2732 nani
642 2685 767 2734 veteres
787 2674 917 2751 cannia,
1341 2731 1362 2774 ι

166 2794 255 2854 qaue
278 2790 401 2853 magna
424 2782 520 2851 sunt,
548 2785 583 2835 et
607 2774 777 2851 violenta,
801 2786 919 2838 tauros
1033 2809 1037 2818 ·
1238 2784 1258 2823 ⁸
1344 2802 1348 2808 ’
1445 2782 1466 2821 ⁸

167 2874 400 2955 appellabant,
430 2874 486 2937 nel
514 2874 603 2955 quod
628 2888 744 2956 partes
771 2874 842 2953 ejus
872 2878 920 2939 ad
1038 2870 1091 2940 At
1112 2870 1200 2937 bunc
1221 2872 1320 2936 etiam
1341 2892 1461 2936 annum
1488 2873 1610 2938 eruditi
1635 2874 1723 2939 refe·

166 2996 259 3037 mare
287 2978 374 3038 sitae
399 2977 556 3037 taurinae
580 2988 749 3057 protomes
776 2981 917 3059 speeiem
974 2986 1051 3037 runt
1067 2972 1220 3037 denarios
1236 2977 1342 3058 gentis
1359 2974 1535 3059 Aquilliae,
1551 2978 1721 3066 Bormiae,

167 3076 365 3159 referebant.
393 3074 518 3139 Eadem
542 3074 587 3139 de
609 3096 705 3141 causa
727 3078 916 3162 Tyanenees
974 3088 1009 3139 et
1028 3075 1204 3138 Petroniae
1220 3075 1363 3159 Augusti
1380 3076 1513 3145 nomine
1534 3076 1720 3161 inscriptos,

169 3176 394 3263 Cappadociae
414 3180 525 3243 Tauro
544 3178 648 3242 monti
668 3178 764 3244 adciti
788 3179 915 3243 taurum
973 3176 1007 3238 in
1028 3176 1146 3261 ¹quibus
1166 3175 1301 3259 fingitur
1324 3179 1377 3241 air
1397 3178 1648 3259 elephantorum
1672 3182 1722 3271 di·

164 3280 201 3341 in
221 3280 329 3343 numia
349 3278 532 3365 signavere.
562 3280 631 3346 Sed
649 3293 683 3345 et
702 3279 916 3369 ἆλλησγορικως
969 3281 1027 3360 gis
1043 3290 1170 3356 vectus,
1188 3282 1375 3341 etdextera
1392 3278 1486 3341 oleae
1503 3301 1633 3343 ramum
1645 3302 1722 3367 pro·

164 3380 209 3445 de
238 3380 303 3445 boc
332 3396 443 3446 monte
473 3382 555 3446 dixit
582 3384 718 3447 Nonnus
742 3383 919 3468 Panopoli-
973 3382 1125 3457 tendens,
1156 3398 1221 3466 quo
1242 3378 1379 3442 indicari
1404 3394 1541 3444 censent
1563 3380 1721 3445 Indorum
1772 3423 1775 3427 -

162 3497 215 3547 tes
231 3480 289 3565 d):
306 3501 455 3567 uramara
475 3484 614 3565 Taurea,
636 3488 807 3567 immugiit
831 3487 916 3549 Tan·
972 3492 1156 3558 oratorem,
1194 3500 1294 3566 quem
1329 3479 1371 3545 ad
1407 3482 1613 3568 jungendam·
1647 3504 1723 3549 cum

162 3606 241 3662 rus,
267 3605 390 3671 nempe
413 3584 483 3649 lori
503 3584 734 3653 victoriamde
754 3585 934 3671 Typhoeo
969 3582 1114 3655 Caesare
1130 3582 1303 3647 amicitiam
1323 3580 1387 3645 hoc
1404 3604 1494 3647 anno
1506 3606 1651 3669 peregre
1666 3586 1722 3650 ad·

165 3687 358 3771 gratulatus.
381 3688 426 3751 Et
444 3686 595 3750 Tibullus
611 3689 658 3769 e)=
966 3684 1106 3759 ,venisse
1132 3697 1244 3747 narrat
1271 3684 1346 3747 Dio.
1391 3684 1449 3748 Sic
1479 3700 1513 3747 et
1544 3686 1746 3775 Scorpius„

238 3790 396 3873 Quantus
406 3803 448 3870 ¹et
466 3790 619 3855 aethereo
637 3792 833 3872 contingens
849 3808 917 3854 uer·
969 3787 1030 3871 ,qui
1051 3786 1086 3848 in
1106 3785 1266 3870 Aquilliae
1284 3784 1420 3860 denario
1437 3800 1621 3871 comparet,
1646 3807 1722 3859 eum

648 3894 716 3954 tiae
731 3892 833 3955 nubes
974 3888 1002 3949 ie
1025 3886 1262 3971 Commagenes
1294 3886 1428 3951 obvium
1451 3888 1494 3952 sit
1520 3889 1722 3979 symbolum,

271 3994 432 4077 Frigidam
451 3998 602 4058 intonsos
621 3993 753 4057 Taurus
769 4003 847 4056 arat
865 3992 919 4056 Gi·
972 3997 1089 4063 netare
1110 4003 1238 4072 posset,
1259 3988 1350 4075 quod
1366 3988 1568 4056 indicatDio
1583 3994 1635 4073 t),
1656 3992 1724 4054 Au·

644 4094 741 4160 liras.
975 4104 1106 4175 gustum
1131 4091 1195 4159 hoc
1221 4113 1307 4156 anno
1331 4092 1574 4177 Commagenen
1595 4091 1725 4181 blidtri·

158 4198 229 4261 Hic
257 4215 489 4281 erge-‚numus
508 4196 701 4261 Armatam
726 4196 812 4259 tauri
839 4193 918 4259 ima·
975 4192 1042 4258 dati
1065 4191 1194 4257 cuidam
1221 4194 1370 4261 cessisse.
1399 4193 1494 4259 Alios
1510 4195 1642 4282 ¹nimiles
1667 4213 1723 4257 er·

160 4300 244 4385 gine
282 4299 485 4384 propositam
520 4320 539 4362 a
570 4298 718 4367 Victoria
753 4299 917 4364 subactam
967 4294 1112 4380 ,plicatos
1136 4294 1269 4362 rideiu
1288 4298 1396 4362 numia
1416 4298 1526 4382 gentis
1542 4295 1750 4385 nurnine,⁴

161 4398 347 4485 praedicat.
509 4424 535 4468 ·.
976 4392 1010 4461 et
1030 4396 1215 4464 emuna.-

169 4576 1721 4619 mamm

203 4720 237 4791 a)
255 4720 443 4781 Tacit-Anu.
457 4720 560 4784 XV&
576 4730 603 4787 6.
677 4716 715 4791 b)
731 4714 963 4800 indatiocbico.
1038 4717 1071 4790 c)
1089 4718 1121 4775 in
1136 4713 1265 4791 Ταυρος.
1339 4710 1608 4789 d)‘Diouys.'1..‘11;
1622 4719 1724 4782 ’,644

162 4808 585 4899 entatu-vllium„
646 4806 1004 4899 mestun-netz.
1077 4802 1332 4889 &hulmo
1383 4892 1459 4958 M
