4267 5500
359 408 361 411 '
413 406 420 448 l

452 592 522 656 122
791 676 795 682 Ι
978 640 992 679 Ι.
1075 570 1403 649 svevsrve

448 762 548 827 quens
567 734 679 819 libuit,
703 744 988 825 repraesentarent
1001 742 1199 825 imaginem,
1253 760 1315 805 nae
1333 738 1475 824 petenda
1494 760 1536 803 ex
1552 739 1610 820 iis,
1626 759 1717 824 quse
1733 740 1776 807 ad
1787 764 1906 809 numos
1925 765 2003 830 gen·

449 863 587 928 eamque
604 856 659 905 aut
675 844 812 926 pictam,
838 857 891 908 aut
907 864 1011 927 opere
1029 856 1197 921 exstante,
1254 842 1296 906 tis
1310 841 1463 905 Cauiuiae
1482 840 1634 907 disserui.

447 946 540 1026 eujus
569 946 700 1027 generis
730 943 825 1008 fuere
857 946 965 1031 clypei
992 946 1132 1010 Homeri
1157 958 1198 1008 et
1389 942 1579 1006 CAESAR.
1612 947 1720 1029 capue
1750 948 1877 1011 audam
1910 950 2003 1012 intra

448 1044 597 1129 Virgilii,
627 1066 709 1127 opus
730 1047 885 1125 Vulcani,
908 1047 1108 1131 etqualium
1131 1068 1199 1110 me·
1396 1042 1566 1124 auerrione·

446 1146 541 1209 miuit
571 1147 696 1209 Plinius
714 1150 765 1230 ¹¹),
797 1150 871 1215 sivo
898 1162 934 1211 ut
956 1148 1099 1213 insertae
1126 1149 1194 1233 epi·
1251 1144 1441 1215 AVGVST.
1456 1150 1549 1211 intra
1564 1168 1724 1213 eoronam
1740 1166 1785 1212 aa
1796 1151 1952 1232 pateris,
1968 1163 2004 1213 et

447 1249 589 1331 graphes
610 1269 673 1333 ope
691 1248 827 1311 illustris
846 1249 1011 1333 eujusdam
1028 1250 1107 1314 sacti
1126 1271 1194 1314 me·
1250 1251 1462 1312 victimarum
1495 1252 1622 1312 uraniis
1650 1260 1863 1325 contextam,
1901 1268 2004 1329 quam

446 1349 550 1410 moria
579 1348 620 1410 ad
651 1363 802 1431 posteros
825 1350 970 1418 duraret.
1013 1352 1110 1417 Alter
1139 1353 1194 1417 hie
1247 1350 1509 1431 gubernaculum
1538 1352 1575 1411 ia
1600 1350 1883 1433 perpendiculum
1897 1364 2000 1414 secat·

444 1449 561 1512 modus
593 1450 811 1533 perfrequens
845 1466 895 1515 est
922 1452 957 1512 in
984 1468 1114 1517 moneta
1132 1454 1195 1517 im·
1249 1450 1322 1517 AV.
1339 1448 1409 1513 AR·
1428 1453 1528 1532 (Mus.
1545 1450 1656 1533 (lues)

444 1564 656 1636 peratornm,
686 1551 833 1620 Victoria
857 1555 1051 1638 plerumque
1074 1556 1192 1638 clypeo
1313 1554 1424 1636 Typns
1447 1551 1665 1635 symbolicas,
1693 1552 1750 1636 qui
1772 1548 1908 1617 videtur·
1928 1554 2003 1617 ieli-

443 1652 655 1717 ins‘oribente.
699 1654 877 1738 Vtriusque
897 1654 993 1735 hujus
1015 1654 1106 1719 modi
1125 1677 1192 1719 uno
1249 1652 1380 1717 citatem
1395 1674 1457 1738 per
1471 1652 1627 1736 pietatem
1642 1652 1677 1714 in
1693 1652 1776 1717 deos
1793 1654 2002 1741 immortales

444 1756 522 1817 loeo
542 1754 691 1816 meminit
707 1754 806 1818 Philo
828 1755 965 1819 Iudaeus
986 1754 1050 1838 b),
1064 1768 1129 1842 qu'o
1147 1772 1198 1822 te·
1250 1766 1376 1838 partam
1392 1754 1549 1818 indicere.

446 1868 498 1918 ste
513 1854 639 1918 Pilatus
668 1855 805 1919 iudaeae
833 1858 1019 1939 praefectus
1047 1856 1193 1935 iuusaiiu·
1298 1908 1301 1912 .
1392 1854 1639 1924 AVGVSTVS.
1656 1845 1924 1939 'Caputaudm
1998 1891 2002 1903 ·

445 1973 493 2016 aas
512 1954 543 2017 ἐν
560 1979 625 2029 τοις
641 1980 721 2018 κατα
742 1982 795 2033 την
812 1962 958 2038 legeretur
973 1955 1085 2039 ngds
1106 1965 1193 2033 βασι·
1228 1958 1383 2023 floreae
1404 1958 1521 2019 laurea
1544 1958 1681 2019 insertis
1705 1974 1767 2020 sex
1783 1962 1923 2022 navium
1948 1982 2002 2022 ro-

442 2062 538 2131 λειοις
568 2056 735 2141 trapeam
775 2054 926 2136 tassia,
968 2084 1047 2143 μητε
1078 2074 1192 2144 poppae
1250 2062 1345 2122 stris.
1367 2048 1560 2138 AR.'(Mus.
1577 2057 1688 2138 Caes.)

419 2226 435 2241 ‚
446 2160 582 2244 ἔχωσας,
603 2181 683 2241 pare
701 2157 784 2221 ἄλλο
807 2183 838 2221 τι
856 2182 914 2222 των
932 2160 1194 2247 iaupeesopsaas,
1315 2161 1426 2243 'l'ypus
1440 2159 1601 2222 navalium
1617 2158 1838 2226 victoriarum.

442 2258 502 2338 ἔξω
538 2264 619 2332 τινος·
646 2257 822 2346 ἕπιτγραφης
860 2260 1050 2348 inaquosus,
1091 2262 1111 2342 si
1141 2258 1192 2326 doe
1392 2260 1575 2323 CAESAR.
1597 2260 1844 2330 AVGVSTVS.
1890 2265 2001 2349 Caput

440 2360 540 2420 ruere
559 2358 685 2441 s'puuaus,
717 2382 767 2422 seu
798 2358 833 2423 ds
857 2360 1025 2440 drasam,
1049 2386 1100 2425 sae
1120 2362 1193 2445 ὕπερ
1390 2366 1524 2429 nudum.

441 2459 495 2539 sisi
519 2459 684 2539 inuisere,
713 2462 750 2523 in
781 2465 885 2544 regiis
915 2466 1053 2528 aedibus
1086 2466 1191 2529 Hera·
1246 2463 1352 2531 10vt.
1372 2462 1509 2529 OLYM.
1541 2466 1707 2550 Templum
1725 2464 1747 2525 i>
1763 2464 2000 2528 columnarum
2029 2458 2034 2465 ’

443 2562 514 2637 dis,
541 2580 626 2641 quae
654 2580 733 2629 sunt
754 2570 790 2629 in
813 2570 893 2631 urbe
914 2586 1030 2642 saera,
1059 2568 1190 2629 dedica·
1247 2568 1438 2628 aerostodiis
1452 2579 1616 2631 ornatum.
1638 2568 1709 2629 AR.
1728 2566 1828 2646 (Mus.
1846 2564 1959 2645 Caes.)

440 2669 493 2729 vit
521 2672 696 2731 inauratos
723 2668 873 2752 clypeos,
905 2667 1033 2731 nullam
1055 2669 1188 2748 quidem
1308 2666 1491 2752 Eleganter
1521 2666 1699 2731 Pedrusius
1736 2687 1873 2729 numum
1906 2666 1998 2731 itanc

441 2769 615 2854 offerentes
649 2771 806 2854 ffgiem,
838 2783 908 2834 aut
946 2769 1060 2844 aliud,
1100 2771 1191 2848 quod
1223 2768 1394 2834 ‘Suetonii
1411 2768 1521 2836 verbis
1538 2770 1681 2833 illustrat
1700 2771 1749 2851 e):
1779 2772 1889 2851 Reges
1907 2775 1994 2832 ami·

441 2871 514 2954 lege
535 2873 675 2933 vetitam
706 2883 809 2948 esset,
837 2873 897 2934 sed
917 2883 1048 2934 tantum
1070 2873 1187 2934 inseri·
1244 2875 1279 2934 ei
1298 2885 1397 2950 atque
1414 2875 1692 2934 serii-uaedam
1709 2871 1802 2933 Iovis
1821 2869 1995 2953 Oiy‘mpiei

435 2975 585 3053 potonem
608 2976 842 3049 neeessariam,
865 2991 930 3051 qua
953 2974 1017 3036 aas
1036 2973 1119 3035 liaeo
1136 2974 1187 3034 ia·
1244 2972 1394 3034 Athenis
1413 2976 1602 3060 antiquitus
1627 2973 1822 3035 inchoatam
1836 2971 1997 3055 perficere

438 3070 690 3153 telligerentur,
719 3076 768 3148 is,
798 3077 858 3153 qui
878 3073 1062 3148 dedicavit,
1092 3083 1128 3134 et
1149 3075 1186 3134 in
1242 3077 1410 3136 communi
1424 3089 1558 3156 sumptu
1573 3078 1844 3150 destinauerant,
1869 3073 1991 3136 Genio·

440 3171 535 3248 eujus
565 3175 715 3250 gratiam
736 3179 841 3255 facta
879 3175 1056 3235 dedicatio.
1113 3171 1186 3254 Cly·
1242 3175 1388 3253 querius
1408 3175 1579 3259 (Augusti)
1595 3177 1760 3238 dedicare.

438 3271 495 3354 pei
517 3269 709 3346 Domitiani,
739 3291 821 3354 quos
850 3285 979 3335 senatus
1000 3270 1107 3335 audita
1128 3273 1185 3334 hu·
1382 3277 1629 3344 AVGVSTVS.
1655 3279 1764 3358 Caput
1781 3275 1919 3338 nedum.

440 3372 492 3450 ju's
515 3369 615 3432 oaede
637 3369 672 3430 in
694 3373 783 3433 curia
806 3370 949 3448 detrahi,
982 3386 1015 3434 et
1035 3374 1109 3436 solo
1132 3372 1187 3437 ed·
1241 3375 1282 3441 L.
1303 3375 1516 3446 CANINIVS.
1540 3377 1725 3447 GALLVS.
1750 3377 1886 3443 lllVlR.
1920 3377 1995 3456 Cip-

439 3471 512 3555 {ligi
527 3471 636 3554 jussit,
649 3483 689 3534 ut
705 3484 814 3533 namet
831 3473 1005 3536 Suetonius
1029 3479 1078 3556 ⁰),
1099 3473 1185 3536 haud
1238 3497 1312 3560 pas,
1334 3483 1391 3540 cai
1412 3483 1624 3560 inscriptum:
1659 3481 1696 3543 C.
1716 3479 1756 3543 C.
1779 3476 1992 3545 AVGVSTI.

442 3571 541 3635 dubie
560 3572 632 3658 ejus
647 3573 774 3656 tyranni
799 3571 852 3636 vel
872 3573 1034 3656 imagine,
1060 3576 1115 3638 vel
1128 3595 1208 3652 noy
1241 3579 1312 3644 Ati.
1332 3581 1482 3660 (Morelli
1498 3581 1533 3642 in
1545 3582 1620 3645 fam.
1639 3581 1772 3663 Canin.)

441 3675 583 3738 minibus
612 3674 748 3738 fuerunt
778 3674 934 3758 insignes.
989 3675 1050 3738 His
1082 3675 1185 3754 adde,
1302 3680 1444 3743 Numam
1458 3682 1817 3768 descripsipropterea,
1835 3689 1994 3773 quemme

438 3798 523 3862 quae
546 3797 652 3860 nuper
676 3776 796 3840 eruditi
819 3776 1207 3863 interpretes-Antiqui»
1241 3799 1351 3844 rarum
1369 3797 1420 3846 est
1441 3783 1475 3846 in
1502 3785 1598 3867 hujus
1621 3787 1767 3849 Caesaris
1788 3791 1916 3868 numia,
1947 3811 1994 3852 ex

438 3891 540 3941 tatum
578 3878 871 3943 Herculanensium
904 3880 945 3943 de
977 3879 1027 3942 lris
1059 3880 1184 3964 clypeis
1241 3901 1306 3966 quo
1338 3885 1479 3970 Augusti
1504 3905 1625 3951 nomen
1655 3886 1837 3972 adoptavit,
1868 3891 1989 3974 legere

441 3978 611 4074 collegere
629 3978 672 4061 d).
1240 4003 1439 4066 praenomen
1453 3989 1532 4072 Caii.
1561 3989 1733 4072 Explenda
1748 3991 1839 4054 enirn
1858 3991 1995 4056 ridetur

543 4084 548 4094 ’
581 4082 688 4170 Caput
707 4083 862 4163 Augusti
878 4083 1077 4147 laureatum.
1201 4140 1206 4147 .
1241 4085 1436 4170 epigraphes
1451 4091 1910 4171 CajiCaesarisAVGVS'l'l,
1927 4096 1994 4158 etsi

439 4179 623 4246 CAESAR.
639 4179 884 4252 AVGVSTVS.
911 4185 987 4247 Duo
1017 4186 1110 4248 lauri
1132 4207 1185 4247 ra·
1239 4187 1348 4251 verim
1367 4191 1488 4254 eruditi
1504 4190 1673 4258 attulerint
1698 4192 1768 4277 ejus
1792 4195 1992 4280 explicatus,

438 4287 485 4347 mi
498 4277 668 4358 “AV.¹‚AR.
689 4285 788 4365 (Mas.
810 4285 918 4366 Cies.)
1196 4343 1201 4350 ,
1241 4308 1322 4372 quos
1338 4291 1455 4355 recitat
1465 4294 1637 4357 Morellius
1656 4291 1694 4378 ¹),
1710 4309 1745 4361 et
1754 4295 1928 4362 Fabricius
1944 4306 1993 4383 s),

439 4419 442 4426 ·
499 4385 600 4448 Lauri
611 4386 694 4450 ratio
711 4385 860 4471 perinde,
879 4405 916 4450 ao
931 4405 1072 4452 coronae
1086 4406 1184 4473 quer·
1240 4389 1300 4454 sed
1317 4411 1455 4475 quoram
1468 4395 1579 4458 nullus
1596 4388 1760 4464 satisfaeit.

1085 4535 1992 4570 ...m-...m

473 4623 505 4692 a)
527 4619 560 4677 ll.
575 4621 611 4678 N.
625 4619 782 4680 LXXXV
799 4633 927 4698 e.2seq.
1047 4623 1083 4695 b)
1103 4581 1313 4706 deXegatad
1329 4625 1434 4700 Caium
1445 4639 1556 4706 p.589.,
1586 4706 1590 4712 Δ
1670 4635 1702 4703 o)
1722 4633 1884 4694 inDourit.
1903 4652 1990 4705 aas.

433 4709 625 4874 gll²ppeerne
641 4730 708 4788 pag.
719 4723 765 4776 πο.
871 4713 902 4784 e)
924 4711 1052 4789 capos.
1159 4716 1437 4794 DSpecim.p.94.
1538 4721 1790 4804 g)udltandurii
1808 4725 1889 4785 Bibl.
1905 4748 1991 4790 num.
