4267 5500
398 607 468 677 xn
545 552 548 559 ’
939 580 1489 682 consensio,

406 784 740 897 ,raemdtnaadum
759 808 844 865 non
873 783 1142 887 necessaria,
1171 781 1402 865 eruditioni
1422 779 1549 901 etiam
1575 782 1892 887 sentilianam,
1923 771 1970 866 et

292 1032 294 1036 Α
410 924 846 1039 numismatographiu
867 924 1052 1005 nonant
1068 921 1130 1004 ad
1147 915 1421 1010 vendendum
1447 926 1642 1040 instituta
1670 937 1794 1005 essee
1835 927 1970 1009 Acce-

411 1072 516 1159 dunt
541 1066 713 1154 loannes
735 1064 971 1152 Harduinus
995 1064 1060 1152 vir·
1076 1088 1079 1091 ’
1086 1067 1220 1182 gravis
1258 1077 1301 1148 et
1328 1088 1485 1177 verax,
1516 1092 1613 1148 curn
1645 1094 1792 1179 sapere
1821 1066 1969 1181 tinnit,

205 1206 211 1229 '
347 1297 351 1303 ,
409 1210 582 1297 Carolus
599 1204 769 1293 Petinus
801 1206 846 1290 in
876 1205 1037 1312 numis,
1068 1230 1171 1317 quos
1203 1204 1293 1316 ipse
1327 1200 1454 1312 uidit,
1500 1198 1747 1289 Laurentius
1783 1207 1971 1322 Begerus

409 1349 456 1435 i‘n
474 1342 697 1431 'lhesauro
712 1334 1104 1456 Brandenburgicu,
1131 1336 1283 1426 Pauhrs
1313 1336 1537 1425 Pedrusius
1567 1342 1612 1426 in
1640 1340 1790 1427 Museo
1813 1343 1968 1430 Fame-

410 1485 496 1592 sio,
524 1482 744 1567 Anselmus
765 1474 1030 1587 Bandnrius,
1048 1485 1094 1563 et
1118 1478 1194 1592 qui
1219 1478 1309 1593 ejus
1338 1476 1579 1593 catalogum
1595 1480 1739 1589 auxit,
1769 1479 1972 1594 Hierony-

410 1648 504 1705 mus
525 1618 753 1725 Tanini'us,
783 1612 1039 1704 Christiamrs
1061 1612 1191 1699 Liehe
1223 1614 1269 1699 in
1298 1610 1438 1700 Gotha
1465 1612 1681 1725 ntunaria,
1709 1610 1971 1726 auctor'Mu-

412 1758 473 1844 sei
501 1750 736 1870 Theupoli,
774 1748 961 1841 Thomas
995 1774 1136 1841 comes
1164 1752 1398 1838 Pembrock
1433 1750 1481 1839 in
1520 1751 1640 1841 editis
1677 1751 1972 1872 imignioribus

413 1895 547 1980 musei
578 1896 642 1979 sni
670 1896 834 2001 nuruis,
865 1888 1109 1979 Franciscus
1138 1886 1264 1975 Wise'
1290 1890 1337 1973 in
1366 1890 1515 1977 Museo
1543 1891 1794 2004 Bodleiano,
1824 1908 1974 1980 auctor

412 2034 547 2119 musei
576 2032 744 2147 reginae
775 2026 1007 2117 Christinae
1035 2033 1088 2115 ab
1114 2026 1398 2141 llavercampo
1430 2024 1633 2118 illustrati
1675 2030 1812 2135 Nolim
1849 2032 1975 2116 adfir-

402 2198 551 2277 mare,
580 2172 624 2256 in
655 2170 745 2277 his,
783 2196 887 2281 quos
921 2164 1046 2254 modo
1078 2163 1272 2274 recitavi,
1303 2166 1497 2279 catalogis
1526 2194 1612 2253 non
1642 2164 1768 2255 etiam
1794 2170 1975 2284 reperiri

378 2338 561 2393 wnumos
601 2308 781 2421 spurios,
819 2333 957 2421 neque
1000 2334 1148 2390 eorum
1177 2318 1368 2389 auctores
1401 2303 1556 2418 aliquid
1596 2305 1768 2393 hnmani
1801 2325 1976 2425 passos,

413 2476 510 2530 cum
544 2446 633 2569 ipse
662 2475 747 2529 non
781 2440 910 2530 semel
945 2452 1112 2529 conchis
1138 2440 1315 2549 hrerim,
1339 2444 1637 2528 nonnullorum
1659 2442 1794 2531 fidem
1825 2447 1870 2531 in
1893 2445 1976 2558 du-

411 2584 530 2668 hium
563 2606 729 2670 vocare.
760 2584 873 2668 Istud
904 2594 1050 2667 tamen
1076 2587 1260 2686 certum,
1302 2580 1348 2663 in
1377 2569 1622 2667 stabilienda
1650 2585 1768 2668 numi
1796 2582 1978 2699 antiqui-

413 2734 498 2808 tate
524 2716 655 2807 rarius
685 2714 814 2807 luisse
842 2716 1007 2835 lapsoS,
1039 2718 1118 2805 etsi
1145 2715 1404 2832 hequentius
1430 2718 1478 2804 in
1501 2720 1720 2836 recitanda,
1745 2748 1975 2811 humorum

415 2857 669 2976 epigraphe,
705 2873 777 2945 aut
798 2853 1077 2965 describendis
1100 2859 1241 2973 typis,
1271 2858 1495 2973 praecipue
1524 2886 1623 2945 cum
1651 2863 1790 2949 minus
1822 2862 1975 2975 integri

414 2995 554 3107 luere,
583 2999 873 3113 ,peccaverint
922 2997 989 3081 Ex
1032 2993 1229 3110 catalogis
1257 3008 1455 3083 monetae
1475 2999 1714 3112 Augusteae
1753 3000 1977 3114 hucusque

415 3137 592 3250 vulgatis
623 3137 892 3222 hauddubie
928 3135 1204 3248 amplissimus
1233 3133 1270 3218 is
1299 3149 1388 3242 est,
1427 3133 1500 3250 qui
1532 3162 1682 3223 numos
1714 3143 1848 3224 musei
1873 3138 1981 3224 Cae-

416 3275 521 3356 sarei
533 3273 860 3357 vindobonensis
886 3271 1187 3396 complectitur,
1214 3269 1261 3354 in
1284 3271 1552 3385 quo‘edendo
1574 3303 1742 3360 omnem
1760 3274 1856 3362 dedi
1879 3305 1980 3389 ope-

417 3435 532 3517 ram,
558 3424 607 3493 nt
623 3409 770 3495 lectori
787 3409 951 3494 nonnisi
968 3435 1152 3492 mercem
1164 3406 1377 3493 'sinceram
1402 3412 1618 3520 offerrem,
1647 3440 1697 3498 ac
1715 3415 1862 3500 sedulo
1886 3442 1979 3499 mo-

418 3573 588 3656 nerem,
617 3549 652 3632 si
684 3547 755 3662 qui
774 3547 893 3635 numi
923 3561 997 3633 aut
1026 3543 1183 3630 fraudis
1212 3546 1388 3655 veteris,
1427 3562 1501 3634 aut
1526 3550 1716 3638 noviciae
1748 3553 1976 3668 ignominia

420 3687 551 3772 notati
570 3702 676 3773 sunt.
705 3685 910 3774 Enarravi
928 3687 1130 3772 hactenus
1149 3711 1301 3800 opera,
1330 3695 1526 3799 quaeant
1545 3717 1714 3798 omnes,
1742 3706 1821 3778 aut·
1833 3691 1976 3804 plures

418 3819 542 3935 hujus
568 3839 761 3912 monetae
788 3826 937 3911 classes
967 3823 1191 3910 continent
1221 3829 1276 3910 At
1296 3837 1393 3909 sunt
1419 3838 1654 3937 practerea,
1686 3856 1796 3942 qnae
1818 3844 1979 3917 certam

418 3975 584 4051 tantum
611 3965 791 4066 classem
808 3965 984 4071 sistant,
1024 3987 1075 4047 ac
1103 3961 1325 4076 praecipue
1347 3991 1572 4051 numomm
1593 3967 1764 4051 maximi
1792 3966 1979 4072 moduli,

419 4089 530 4188 inter
560 4123 670 4216 qnae
700 4097 983 4189 commendari
1006 4116 1221 4188 merentur
1249 4099 1498 4188 numismata
1525 4101 1650 4220 hujus
1674 4105 1840 4213 classis,
1870 4091 1982 4219 quae

422 4241 540 4328 fuere
561 4243 607 4327 in
626 4271 772 4328 museo
794 4241 1011 4327 cardinalis
1031 4245 1248 4358 Carpegna
1266 4266 1291 4324 a
1308 4238 1496 4354 Philippo
1517 4241 1775 4330 Buonarroto
1800 4235 1981 4330 immen-

424 4399 494 4464 sae
531 4381 770 4470 emditionis
799 4381 888 4468 viro
927 4382 1156 4500 explicata,
1202 4378 1419 4466 cardinalis
1446 4379 1597 4464 Albani
1626 4381 1672 4466 in
1705 4382 1846 4467 lucem
1880 4381 1979 4466 data

374 4612 376 4617 ¹
425 4539 449 4598 a
470 4520 727 4634 Rudolphino
752 4517 925 4627 Venuti,
946 4521 1080 4604 musei
1094 4517 1234 4605 Pisani
1255 4515 1496 4601 ab‘Alherto
1513 4515 1772 4605 Mazzoleno.
1804 4518 1978 4605 Cautius

427 4645 620 4742 adhibeto
644 4641 892 4745 numismata
915 4657 1074 4742 moduli
1094 4654 1267 4742 maximi
1285 4676 1339 4738 ex
1360 4638 1638 4742 cimeliarchio
1662 4643 1866 4745 ludovici
1877 4655 1979 4742 XlV.

431 4793 580 4878 tabulis
598 4797 693 4883 XLl.
714 4795 912 4907 exhibita,
943 4819 1120 4912 pronam
1139 4809 1302 4911 partem
1321 4788 1479 4886 fusam,
1509 4810 1556 4885 ct
1570 4799 1858 4908 adtdterinam,
1890 4825 1985 4910 pan.
