4267 5500
435 580 480 659 ro
644 564 646 569 ’
1042 568 1374 653 ΑΥῦΨὸΤἺᾶ
1431 591 1435 597 ·

431 740 647 823 s'dqprram,
671 738 736 803 duc
761 726 850 803 snins
877 741 959 803 anni
980 722 1117 804 deerunt
1139 742 1181 805 de
1234 740 1305 803 cari
1323 752 1398 803 ante
1417 760 1534 801 aunum
1553 739 1594 808 V.
1607 739 1648 803 C.
1663 760 1748 821 717,
1768 738 1815 816 si,
1840 751 1877 801 ut
1900 738 1982 801 seri·
2097 765 2098 784 .

433 846 541 907 ulcero
558 843 781 925 quinquennio
801 842 900 921 hujus
917 844 1064 925 imperii,
1093 844 1184 923 qnod
1238 842 1345 907 simile
1362 839 1446 919 dixi,
1468 833 1532 905 hoc
1552 841 1685 905 iueumu
1705 860 1745 905 ca
1765 852 1912 925 potestas
1927 839 1984 901 ite·

432 948 606 1028 sibiipsis
627 945 884 1025 ssactoprtore
906 943 1180 1024 decrevernnss).
1237 961 1307 1010 rata
1326 945 1398 1009 init.
2097 1011 2098 1040 ,

431 1051 499 1111 iam
523 1046 643 1130 igitur,
674 1044 719 1122 si,
747 1056 784 1109 ut
811 1042 895 1121 dixi,
923 1044 1063 1133 alterum
1090 1043 1181 1128 quiu-
1302 1046 1459 1131 Sequitur
1481 1047 1557 1123 nt,
1582 1046 1734 1129 quoniam
1755 1043 1790 1105 in
1811 1043 1921 1105 nuruis
1942 1042 1985 1107 sic
2097 1077 2098 1088 κ

431 1149 608 1234 quennium
647 1146 758 1231 coepit
792 1144 947 1209 Ralendis
980 1149 1046 1209 Ian.
1077 1148 1118 1212 V·
1144 1146 1181 1207 C.
1237 1148 1401 1231 inscriptis
1429 1149 1628 1225 Octavianus
1655 1146 1855 1209 luculentam
1881 1144 1986 1208 adhuc
2097 1133 2098 1178 ³

430 1272 511 1333 717,
544 1247 733 1313 necessario
759 1246 844 1309 illud
871 1244 999 1310 effluxit
1025 1247 1182 1310 Kalendis
1238 1250 1371 1313 barbam
1415 1250 1588 1334 appendit,
1635 1268 1712 1311 eom
1750 1247 1861 1312 adhuc
1903 1268 1986 1310 anuo
2097 1271 2098 1286 ³

430 1356 499 1419 lun.
519 1352 560 1418 V.
579 1352 615 1415 C.
635 1368 708 1431 pas.
731 1348 775 1409 At
793 1347 838 1425 si,
859 1360 895 1411 ut
912 1348 981 1413 vult
1003 1349 1181 1431 Appianas,
1238 1352 1280 1420 V.
1302 1352 1338 1414 C.
1364 1354 1428 1433 '7¹7
1466 1350 1599 1431 barbam
1631 1349 1761 1414 aluisse.
1808 1348 1988 1414 Adversari
2097 1399 2098 1402 ,

429 1451 587 1519 Kalendis
611 1454 678 1517 Ian.
702 1450 743 1518 V.
763 1448 799 1512 C.
821 1464 882 1530 721
914 1446 955 1512 ad
982 1450 1182 1547 explendum
1237 1452 1325 1517 istud
1349 1452 1479 1520 videtur
1506 1450 1616 1518 verbis
1640 1451 1758 1516 Dionis
1783 1450 1987 1539 perhibentis

431 1556 573 1622 altorum
599 1548 856 1637 quinquennium
873 1548 1055 1613 defuissent
1076 1551 1182 1616 adbuc
1239 1554 1280 1618 sd
1296 1575 1418 1617 annum
1434 1554 1475 1621 V·
1492 1554 1529 1619 C.
1547 1555 1627 1636 715:
1659 1554 1748 1618 Sane
1771 1556 1897 1619 Caesar
1918 1566 1988 1618 tum
2097 1623 2099 1628 ‚

432 1654 508 1721 anni
528 1654 610 1730 duc,
633 1652 716 1713 iliud
732 1651 860 1713 nonnisi
876 1654 914 1720 V.
929 1654 966 1717 C.
983 1654 1045 1736 723
1066 1654 1183 1718 exivis-
1235 1661 1381 1741 primum
1398 1657 1534 1718 bardam
1552 1658 1673 1719 rudens
1688 1668 1722 1717 et
1737 1660 1806 1737 ipse
1818 1656 1988 1741 splendide

433 1770 493 1821 set.
525 1758 618 1818 Hanc
643 1755 745 1839 ipsam
772 1752 968 1817 discordiam
992 1754 1099 1839 quoad
1119 1755 1183 1818 ite·
1239 1759 1325 1819 diem
1342 1757 1557 1838 cumfestum
1573 1760 1660 1841 egit,
1676 1770 1710 1820 et
1732 1759 1873 1839 reliquis
1887 1755 1989 1821 simul
2097 1745 2098 1752 ἵ

431 1872 539 1923 ratum
557 1857 743 1922 Illviratum
760 1856 794 1917 in
811 1855 1026 1941 scriptoribus
1044 1857 1111 1941 jam
1128 1854 1182 1919 ad·
1240 1859 1391 1921 omnibus
1406 1859 1578 1943 publicum
1595 1858 1728 1941 epulum
1745 1860 1849 1923 dedit.
1872 1858 1933 1921 Ab
1951 1876 1988 1919 eo

362 1944 371 1951 ⁸
431 1962 533 2047 ⁴vertit
547 1959 686 2044 Pighius
702 1957 746 2040 ¹³).
1239 1971 1353 2020 autem
1377 1970 1522 2039 tempure
1547 1950 1654 2043 genus
1684 1960 1795 2022 laeves
1823 1960 1988 2031 servavit,

494 2062 547 2123 Ex
568 2061 630 2125 hac
652 2059 870 2144 disputatione
892 2058 1041 2143 nequitur
1064 2060 1106 2133 1.‚
1128 2078 1184 2124 ve·
1240 2062 1330 2121 sicut
1348 2060 1413 2120 alii
1429 2060 1581 2121 solebant
1599 2043 1644 2141 θ).
1673 2042 1719 2121 At
1733 2080 1816 2123 reru
1834 2057 1927 2121 numi
1943 2072 1992 2120 te·

432 2162 667 2227 risimillimum
710 2180 802 2238 esse,
850 2172 884 2222 et
921 2160 1048 2223 ratione
1084 2161 1184 2223 etiam
1241 2173 1308 2221 stes
1346 2158 1537 2241 synchroni,
1574 2159 1632 2244 qui
1664 2181 1778 2224 omues
1811 2160 1989 2223 Caesarem

434 2264 663 2348 comprobari,
682 2262 816 2325 llIvircs
843 2259 983 2323 alterum
1005 2261 1186 2345 quinqueu-
1240 2261 1394 2325 Illvirum
1414 2262 1535 2324 iterum
1555 2258 1745 2326 barbas-tum
1766 2262 1902 2338 sistunt,
1928 2260 1991 2323 tat·

432 2365 525 2427 nium
544 2364 715 2427 inchoasse
732 2360 887 2425 Raleudis
906 2364 973 2427 Ian.
991 2365 1031 2432 V.
1050 2365 1183 2448 C.717;
1241 2363 1314 2425 lere
1335 2365 1520 2447 nequeunt,
1546 2383 1654 2448 neque
1676 2364 1775 2427 etiam
1794 2378 1924 2427 temere
1939 2374 1991 2424 te·

432 2486 502 2529 non
541 2465 652 2550 prius,
694 2486 794 2541 uams
828 2484 902 2527 curu
942 2484 984 2526 ex
1019 2484 1185 2528 murmure
1239 2464 1428 2527 stimonium
1455 2463 1572 2527 Dionis
1600 2465 1687 2527 istud
1714 2465 1836 2529 factum
1864 2464 1990 2527 diserte

433 2568 619 2632 Collatisno
649 2580 775 2646 certum
804 2566 861 2643 sit,
901 2563 985 2627 illud
1015 2565 1185 2630 definitum
1237 2565 1283 2631 sd
1301 2566 1389 2629 hunc
1406 2587 1525 2629 aunum
1542 2568 1721 2629 referentis
1739 2565 1990 2651 repudiandum.

432 2670 537 2733 fuisse
563 2692 582 2733 a
606 2668 671 2732 fine
696 2666 894 2733 Novembris
919 2668 961 2735 V.
984 2667 1021 2732 C.
1045 2690 1104 2751 7¹¹
1133 2690 1186 2731 ns·
1240 2666 1468 2752 Expendenda
1493 2668 1599 2732 selum
1624 2689 1739 2745 causa,
1766 2689 1829 2732 cur
1854 2668 1989 2752 barbam

435 2793 499 2858 que
534 2771 576 2836 ad
608 2771 706 2834 finem
739 2769 935 2836 Decembris
968 2771 1010 2838 V.
1038 2770 1076 2836 C.
1103 2771 1183 2854 qrb,
1237 2793 1261 2834 a
1277 2771 1417 2835 Caesare
1434 2765 1609 2850 nutritam,
1633 2790 1670 2834 ac
1695 2767 1829 2855 quidem
1852 2770 1991 2834 testibus

432 2875 524 2938 nulla
558 2875 683 2938 Illviris
719 2873 782 2938 fuit
810 2873 894 2937 ratio
925 2872 1059 2937 alterius
1092 2870 1187 2958 quiu-
1240 2872 1348 2935 numia
1366 2886 1400 2936 et
1417 2873 1526 2937 Dione
1548 2874 1584 2934 iu
1604 2887 1669 2935 tam
1689 2872 1824 2956 longum
1849 2885 1990 2956 tempus,

434 2975 569 3060 quennii
588 2975 802 3060 anticipandi,
825 2975 887 3039 etsi
905 2973 1009 3038 fuerit
1031 2974 1116 3037 ratio
1135 2993 1186 3037 se·
1238 2973 1404 3039 credibile
1431 2974 1483 3040 sit.
1519 2972 1692 3037 Morellius
1717 2973 1753 3036 iu
1779 2973 1920 3058 epistola
1948 2973 1991 3034 ad

433 3091 545 3141 uatum
574 3071 791 3162 permovendi
824 3076 935 3161 priore
960 3076 1107 3138 nondum
1130 3095 1187 3139 er·
1241 3075 1471 3154 Perizoniuru,
1502 3096 1586 3159 quae
1612 3088 1664 3138 est
1688 3075 1723 3136 iu
1743 3075 1869 3140 Electis
1894 3075 1991 3137 wot-

435 3194 527 3256 acto,
563 3192 601 3241 ut
633 3179 674 3242 ad
704 3179 787 3240 illud
818 3178 1087 3262 designarentur,
1119 3195 1185 3261 quo
1239 3179 1381 3241 terechii
1401 3201 1433 3262 p.
1447 3180 1505 3256 50,
1526 3178 1665 3262 quave
1687 3177 1813 3240 assecla
1831 3177 1991 3260 Schlegc-

434 3280 659 3363 mngistratum
701 3275 820 3340 diutius
862 3292 1067 3362 usurparent.
1105 3279 1184 3341 Nou
1237 3282 1304 3345 lius
1325 3280 1377 3362 d),
1405 3277 1525 3362 aliique
1553 3279 1624 3363 ejus
1651 3292 1780 3342 causam
1805 3279 1840 3340 in
1863 3279 1990 3341 luctum

437 3379 562 3459 serius3
595 3399 670 3440 nam
696 3398 771 3441 cum
796 3379 902 3442 omnia
928 3399 970 3443 ex
997 3381 1030 3442 S.
1052 3380 1090 3441 C.
1115 3379 1185 3442 tel·
1241 3380 1284 3445 ob
1302 3394 1443 3444 mortem
1457 3383 1483 3445 1.
1500 3381 1648 3443 Caesaris
1662 3379 1825 3447 referunt.
1846 3383 1921 3442 Non
1936 3397 1992 3442 re·

436 3479 509 3544 lent
528 3499 632 3564 agere
654 3477 779 3556 rideri,
803 3479 997 3562 permissum
1017 3492 1127 3543 autem
1145 3478 1185 3540 it·
1239 3503 1368 3568 pugno,
1393 3503 1469 3544 nam
1491 3481 1579 3566 apud
1603 3483 1769 3547 Romanos
1793 3481 1894 3546 harha
1914 3501 1991 3567 pro-

435 3582 478 3645 lis
508 3582 763 3668 quinquennium
795 3581 962 3646 effluxerit
989 3581 1043 3646 die
1066 3581 1185 3645 italen-
1240 3585 1338 3648 missa
1365 3603 1485 3656 revera
1512 3582 1619 3647 luctus
1648 3606 1725 3668 pars
1755 3585 1889 3648 exstitit.
1936 3581 1993 3644 Ad

437 3679 747 3766 dsslan.snni7t7
766 3684 1004 3768 praecedente,
1026 3703 1185 3748 exsensu
1240 3687 1324 3751 haec
1352 3685 1447 3747 aliam
1479 3684 1658 3763 rationem,
1690 3706 1752 3749 car
1779 3689 1827 3748 Η.
1853 3685 1991 3746 Antonii

436 3785 521 3870 legis
543 3785 619 3849 inde
645 3786 685 3848 ab
708 3785 758 3848 his
778 3785 934 3851 Ralendis
955 3805 1023 3851 non
1046 3782 1185 3850 fuissent
1241 3801 1338 3873 ceput
1356 3787 1390 3853 in
1411 3786 1576 3869 prioribus
1599 3789 1670 3871 ejus
1694 3788 1802 3849 cumis
1819 3787 1990 3849 barbatum

436 3887 574 3971 amplius
602 3887 721 3950 Illviri.
752 3887 905 3972 Denique
932 3907 1007 3952 cum
1028 3903 1182 3954 suctores
1238 3890 1300 3967 sit,
1328 3908 1482 3974 promere
1500 3887 1555 3955 rix
1572 3909 1760 3972 possumus,
1782 3909 1881 3975 quam
1902 3887 1991 3973 quod

434 3990 520 4051 hauc
538 3986 604 4048 illis
622 3985 788 4051 decretam
803 4003 997 4072 potestatem
1013 4003 1184 4056 narrantes
1240 3990 1357 4076 lugere
1375 3990 1493 4052 lulium
1510 4011 1529 4054 e
1547 3989 1630 4057 risis
1648 3990 1811 4053 sublatum
1833 3989 1990 4064 instituit,

435 4101 624 4154 constanter
642 4092 858 4168 quinquennii
875 4091 1102 4174 meminerint,
1124 4112 1184 4156 scu
1240 4114 1338 4180 quem
1356 4113 1530 4178 superesse
1545 4105 1716 4178 tantopere
1732 4091 1803 4178 ejus
1818 4092 1990 4165 intererat,

435 4191 529 4257 citius
552 4192 660 4269 illam,
689 4211 749 4253 seu
770 4191 876 4255 serius
901 4193 1093 4273 iterassent,
1117 4193 1183 4260 dici
1241 4207 1277 4258 et
1304 4194 1397 4277 cujus
1423 4194 1612 4280 interempti
1639 4217 1676 4260 se
1706 4176 1877 4261 vindicem
1904 4193 1993 4256 fere·

435 4311 522 4361 vere
536 4291 793 4379 quinquennium
810 4296 1067 4377 conposuisset.
1100 4333 1106 4342 ·
1235 4295 1306 4362 bat.
1332 4298 1377 4360 At
1394 4317 1476 4365 vero
1493 4298 1611 4381 lugere
1633 4309 1807 4382 parentem
1829 4297 1993 4361 sexennio

499 4395 656 4480 Sequitur
681 4397 740 4473 Π.,
771 4415 838 4460 non
871 4416 968 4480 posse
993 4416 1110 4461 numos
1135 4397 1185 4460 iu·
1238 4397 1389 4482 integro,
1424 4398 1578 4462 nimirum
1605 4399 1646 4462 ab
1672 4420 1757 4472 anno
1783 4397 1827 4465 V.
1851 4399 1890 4462 C.
1910 4417 1993 4482 710,

437 4497 575 4582 scriptus
599 4497 732 4565 111v1n.
756 4497 873 4562 ITER.
896 4501 938 4584 R.
958 4500 997 4566 P.
1020 4499 1058 4568 C.
1082 4499 1187 4564 collo·
1242 4521 1307 4585 quo
1328 4501 1429 4565 lulius
1450 4523 1563 4567 caesus
1583 4513 1652 4580 est,
1676 4520 1782 4584 usque
1804 4502 1848 4566 ad
1871 4521 1993 4566 annum

476 4723 508 4791 s)
527 4715 600 4778 bell.
615 4719 695 4794 1115r.
710 4731 828 4801 cea.v
883 4721 1382 4797 b)dunal.Rom.adV.C.715-
1475 4729 1507 4798 c)
1525 4725 1558 4784 1..
1571 4694 1802 4800 XLViILbM-
1897 4727 1993 4801 dJad

437 4805 863 4888 1npp.ttarett.t'.1.»p.ns.
949 4862 954 4876 .
