4267 5500
481 515 567 599 sta
1075 503 1434 582 fltnutattvo

484 683 673 766 Ahgusteae
699 659 943 763 appellationis,
973 676 1058 742 inira
1081 677 1116 740 iu
1132 676 1228 761 hujus
1284 675 1381 754 feeit,
1409 687 1445 740 et
1466 671 1647 752 dedicavit.
1682 674 1730 740 de
1752 695 1818 760 qno
1855 677 2028 744 rideantur

484 783 551 848 uita
567 799 779 868 exponemus.
1286 775 1493 862 Spartianus,
1519 775 1585 840 Dio
1601 774 1650 860 ιι),
1686 778 1860 844 Pausanias
1873 781 1916 862 θ).
1958 784 2033 844 Bu-

987 877 991 886 ’
1285 883 1342 964 joa
1364 901 1459 944 eausa
1481 891 1516 943 et
1538 877 1802 942 ludiHodriuno
1831 882 1990 964 Olympio
2011 907 2029 943 a

491 965 668 1046 Tml'WSa
695 967 864 1048 Ol'il'mma
898 961 1231 1063 Gfffmsslll‘fflroa·
1287 980 1423 1045 Graecis
1439 979 1574 1044 urbibus
1594 981 1714 1063 passim
1738 982 1920 1058 constituti,
1952 1003 2029 1067 quo-

697 1069 803 1139 cirus,
828 1065 1021 1128 paslmus·
1238 1101 1244 1111 ’
1286 1103 1362 1146 rum
1382 1083 1564 1146 meminere
1583 1081 1867 1166 Phaetonteas),
1889 1104 2031 1148 marmor

550 1191 589 1250 ln
615 1185 746 1248 nomina
774 1186 856 1248 hacc
874 1181 1051 1247 ‘Hudriano
1080 1203 1143 1266 per
1177 1181 1233 1245 ad·
1289 1185 1488 1268 Cyzicenum
1502 1187 1556 1268 t),
1590 1183 1735 1268 aliaque,
1772 1182 1818 1246 de
1847 1185 1965 1270 quihus
1990 1187 2033 1250 ri-

489 1287 656 1372 optionem
671 1288 723 1369 jus
741 1299 880 1368 partum.
904 1285 1036 1368 Traiani
1049 1282 1232 1348 nomenad·
1291 1285 1333 1351 de
1358 1300 1467 1350 uotam
1491 1284 1619 1349 Olearii
1637 1284 1678 1348 ad
1703 1285 1830 1349 dietuan
1847 1287 2035 1349 Philostrati

487 1391 554 1452 huc
576 1386 689 1472 primis
712 1387 897 1450 consulatus
924 1389 979 1450 ill.
1005 1385 1098 1449 annis
1121 1385 1155 1447 in
1177 1407 1236 1448 uu·
1291 1387 1413 1457 locum.
1442 1388 1576 1470 Bingiua
1600 1406 1642 1449 ex
1663 1407 1778 1451 museo
1802 1388 1949 1451 Naniauo
1972 1390 2035 1452 vat-

488 1489 551 1552 anis
575 1500 759 1565 retentum,
787 1501 823 1550 ut
845 1486 913 1549 dixi
935 1487 973 1548 iu<
989 1486 1235 1572 prolegomenis
1293 1490 1381 1576 gavit
1395 1511 1484 1554 mam
1507 1487 1686 1550 dedicatam
1712 1485 1946 1550 ΑΔΡΙΑΝΩ..
1969 1485 2038 1547 BA·

492 1589 535 1653 ad
553 1608 670 1652 numos
687 1588 944 1674 consulatuslll.
976 1587 1116 1672 Reliqua
1132 1587 1236 1651 nomi·
1293 1585 1438 1656 ΣΙΛΕΙ.
1472 1583 1737 1652 ΟΛΤΜΠΙΩΙ.
1779 1585 1855 1652 alt
1884 1585 2037 1650 otton·

488 1711 531 1753 na
553 1691 661 1775 primo
673 1689 830 1754 Hadriani
850 1708 933 1753 anno
955 1689 1066 1767 obvie,
1091 1688 1151 1752 sed
1172 1690 1237 1772 jam
1293 1686 1391 1756 NAI.
1415 1691 1799 1769 Hadrianoimpemtori
1816 1691 1972 1772 olympio
1988 1689 2037 1748 le
2111 1760 2113 1785 ι

490 1812 636 1876 coepere
657 1789 796 1856 fastidiri
817 1808 910 1854 anuo
920 1790 1035 1858 altero.
1079 1791 1178 1868 Nam,
1201 1803 1238 1854 nt
1295 1794 1330 1854 vi
1344 1791 1525 1854 Dodonaeo
1539 1785 1586 1870 ¹¹).
1616 1791 1667 1853 Ne
1686 1803 1795 1853 tamen
1813 1787 1950 1851 nimium
1966 1807 2035 1850 coe-

489 1909 563 1958 tum
582 1895 665 1971 dixi,
686 1893 720 1953 in
733 1891 811 1956 solis
831 1891 964 1975 Traiani
979 1891 1162 1955 consecrati
1178 1911 1236 1954 nu·
1293 1891 1371 1956 lasti
1386 1892 1451 1955 hoo
1468 1890 1665 1974 cognomine
1679 1911 1753 1955 sese
1770 1889 1890 1953 efferat
1904 1887 2034 1952 Hadria·
2111 1944 2112 1957 ,

492 1997 554 2059 mis
581 1997 752 2079 leguntur,
775 1991 905 2057 tandem
923 1990 958 2052 in
977 1990 1162 2058 consulatus
1177 1995 1233 2058 111.
1293 2015 1372 2070 nus,
1401 1991 1617 2068 meminerit..
1633 1991 1674 2055 ab
1693 1990 1811 2054 iisdem
1833 1974 2034 2054 Atheniensi·
2111 1966 2113 2093 i

490 2110 622 2188 moneta
637 2095 770 2162 omniuo
784 2095 977 2162 reticentur.
1292 2093 1354 2158 bus
1365 2107 1452 2158 teate
1467 2093 1575 2156 Dione
1598 2092 1834 2175 chrysostomo
1849 2091 2033 2176 Olympium

1294 2211 1425 2281 quoque
1441 2203 1590 2261 vocaturn
1604 2194 1909 2271 fuisseyhominetm
1929 2193 2031 2254 incer·
2111 2224 2112 2249 3

753 2281 1017 2363 Olympias„
1292 2311 1361 2360 tum
1377 2315 1492 2382 quem,
1518 2315 1561 2358 ex
1577 2295 1716 2379 ignobili
1729 2297 1882 2380 quopiam
1897 2292 2033 2358 Phoem
2111 2332 2112 2365 y

553 2399 720 2462 insolitam
736 2399 831 2475 hanc,
852 2413 886 2462 et
902 2417 1057 2482 superum
1074 2397 1147 2481 regi
1163 2417 1237 2480 pro-
1293 2416 1350 2461 ccs
1364 2397 1438 2475 vico
1452 2395 1624 2459 anundum
1645 2395 1688 2478 i)‚
1708 2416 1772 2461 nec
1795 2396 1933 2481 longum
1956 2409 2032 2459 tem·
2111 2466 2112 2479 χ

491 2499 595 2584 prlem
610 2499 861 2582 appellationem
875 2498 1077 2562 Graecorum
1094 2478 1237 2566 adulatio
1293 2519 1371 2582 pua,
1399 2510 1435 2560 et
1453 2495 1572 2560 eodem
1593 2495 1726 2562 nomine
1743 2499 1864 2562 Graeci
1889 2499 2033 2561 Commo·
2111 2522 2113 2533 ’

494 2621 567 2663 cum
596 2599 763 2664 Hadriano
790 2618 996 2663 communem
1028 2617 1102 2660 ease
1126 2597 1237 2681 jussit,
1295 2599 1374 2662 dum
1401 2597 1491 2662 orbis
1512 2611 1640 2682 pestem
1662 2598 1924 2667 cohonestabnnt
1952 2597 2033 2663 testi·
2111 2604 2112 2683 f

494 2716 531 2766 at
549 2701 670 2765 docent
697 2700 829 2785 copiosa
852 2719 1033 2777 marmora,
1055 2698 1238 2784 ,praecipue
1295 2701 1358 2768 bus
1376 2699 1597 2790 Ephesiorum
1615 2704 1731 2768 numia.
2111 2688 2112 2691 ¹

492 2800 723 2881 Atheniensis,
755 2814 789 2865 et
809 2802 910 2867 numi.
953 2800 1132 2883 Complura
1157 2822 1240 2865 mar-

494 2923 587 2967 mora
608 2902 695 2965 huuc
715 2900 845 2965 titulum
869 2902 1041 2986 prodentia
1056 2902 1132 2967 uida
1156 2902 1241 2987 apud
1546 2886 1657 2969 J'W
1668 2909 1684 2946 Γ
1693 2900 1737 2949 ‘³‘
1747 2907 1804 2950 θ’·
2111 2969 2112 2974 ,

493 3003 713 3067 Muratorium
728 3007 769 3085 ¹).
790 3005 907 3081 Numi,
929 3004 961 3065 in
981 3024 1120 3089 quorum
1138 3006 1242 3067 antica
1362 3007 1515 3067 iteratum
1536 3004 1576 3067 ab
1592 3005 1758 3069 Hadriano
1776 3003 1985 3089 immaturis
2005 3004 2037 3063 ti·
2111 3029 2112 3032 ¹

491 3104 631 3190 reliquia
643 3102 802 3167 Hadriani
820 3105 921 3167 titulis
943 3104 1073 3167 additur
1088 3098 1242 3166 OATM·
1298 3104 1407 3168 tulum
1430 3126 1471 3169 ex
1495 3105 1601 3167 numia
1620 3106 1820 3189 ignoramus.
1859 3104 1939 3169 Plus
1962 3105 2036 3167 lucis
2111 3169 2112 3172 ,

494 3202 624 3279 ntoc,
666 3218 741 3267 sunt
783 3206 912 3287 Cyzici,
956 3208 1056 3289 (Mus.
1096 3205 1240 3288 albani.)
1298 3207 1504 3292 suppeditant
1535 3227 1714 3284 marmora,
1757 3206 1917 3293 aquibus
1947 3206 2036 3269 dore·

488 3305 631 3387 Ephesi,
651 3307 754 3385 (idos.
775 3305 911 3387 Pisani.)
933 3307 1116 3371 Laodiceae
1136 3307 1241 3389 Phry·
1297 3331 1390 3385 mur,
1413 3307 1615 3373 Hadrianum
1636 3323 1708 3372 toto
1731 3308 1864 3393 imperii
1888 3322 2032 3391 tempore
2111 3287 2113 3308 ’

491 3406 582 3489 gire,
616 3403 824 3491 (Tbeupoli.)
855 3408 949 3470 Tarsi
979 3407 1013 3468 in
1042 3407 1164 3491 insigni
1194 3420 1240 3472 te·
1296 3411 1400 3474 semel
1430 3424 1572 3489 tantum,
1610 3430 1721 3495 neque
1757 3406 1911 3494 amplius,
1951 3409 2031 3469 huuc

492 3507 824 3571 tradrachmo'mnsei
847 3508 1017 3585 Caesarei,
1038 3532 1058 3573 a
1081 3508 1237 3572 meelim
1295 3513 1458 3575 honorem
1493 3512 1633 3577 auxisse.
1690 3513 1738 3573 lta
1774 3512 1809 3571 in
1843 3510 2033 3595 praegrandi
2111 3539 2112 3548 ι

492 3607 628 3692 vulgato
643 3606 693 3687 b),
731 3623 765 3671 et
794 3607 928 3672 aliarum
955 3608 1108 3692 plurium.
1153 3612 1237 3672 Con·
1294 3612 1364 3676 hesi
1381 3634 1565 3677 marmorea
1584 3612 1669 3697 apud
1688 3612 1866 3673 Gruterum
1883 3612 2033 3696 leguntur
2111 3671 2112 3674 ,

491 3708 621 3771 ferendi
641 3708 710 3791 ejus
732 3708 835 3793 elogii
850 3722 1001 3773 auctores
1022 3710 1120 3773 fuere
1137 3711 1237 3774 atha·
1263 3723 1267 3729 ’
1293 3713 1355 3777 hae
1380 3705 1513 3777 notaer'
1532 3715 1602 3775 PR.
1625 3714 1663 3778 P.
1676 3713 1748 3774 XX.
1771 3714 1920 3779 tstP.11.
1943 3712 2030 3777 COS.
2111 3691 2113 3736 ²

492 3810 644 3888 nienses,
665 3830 866 3895 nequaquam
881 3830 969 3875 noro
987 3810 1139 3893 ingenio,
1162 3832 1237 3875 nam
1292 3814 1348 3874 111.
1369 3814 1407 3875 P.
1420 3813 1458 3878 P.
1472 3815 1518 3898 Ιι).
1560 3817 1599 3876 Iu
1622 3814 1686 3878 alio
1713 3812 1825 3897 lapide
1853 3813 1939 3895 apud
1963 3834 2032 3876 eun·
2111 3774 2113 3848 i

492 3911 557 3973 hoc
588 3910 681 3973 titulo
706 3911 770 3991 jam
800 3909 928 3993 pridem
949 3912 1115 3975 Periclem
1143 3933 1236 3976 suum
1294 3913 1393 3978 deme·
1428 3914 1500 3982 tn.
1528 3916 1568 3983 P.
1581 3916 1666 3977 xxt.
1691 3913 1789 3981 COS.
1809 3918 1864 3980 111.
1891 3916 1978 3980 mr.
1997 3916 2032 3975 ll.
2111 3901 2113 3932 ¹

493 4029 655 4076 ornavere
680 4012 747 4103 loyi
771 4024 910 4095 propter
939 4012 1147 4098 eloquentiae
1171 4015 1236 4078 vim
1293 4017 1332 4082 P.
1346 4016 1385 4080 P.
1406 4014 1444 4098 ¹).
1468 4017 1504 4081 si
1518 4015 1600 4079 iidea
1614 4014 1835 4100 inscriptioni,
1852 4016 2032 4101 quamGru·

494 4127 714 4197 comparatum
732 4114 772 4193 ⁰).
814 4111 880 4175 eet
900 4113 933 4174 in
955 4112 1121 4178 Hadriano
1143 4136 1238 4179 caum
1293 4131 1385 4180 terna
1397 4132 1440 4180 ex
1449 4117 1598 4182 Panvinii
1614 4118 1857 4182 commentariis
1867 4117 1973 4182 hausit
1984 4117 2029 4195 ¹³).

492 4212 575 4290 luit,
613 4212 701 4297 quod
732 4214 760 4274 ia
790 4212 874 4275 lovis
903 4212 1049 4297 Olympii
1079 4216 1239 4300 templum
1294 4218 1475 4302 imperator
1504 4222 1560 4297 lh,
1601 4232 1699 4305 atque
1735 4233 1938 4302 postremum
1972 4220 2030 4300 y'am

492 4308 669 4377 immensae
696 4313 792 4375 molis
814 4312 899 4396 apud
922 4314 1143 4380 Athenienses
1165 4338 1239 4401 per-
1295 4317 1404 4381 iuitin
1428 4319 1503 4384 trih.
1519 4333 1680 4405 potestate
1695 4322 1770 4394 111..
1796 4340 1881 4405 quae
1901 4320 1984 4383 cadit
1999 4320 2030 4377 in

526 4474 556 4542 a)
576 4466 717 4546 Pegasi·
732 4481 794 4533 235·
898 4469 934 4543 b)
955 4468 1109 4545 Syuoget
1125 4485 1245 4548 pag-tt.
1348 4479 1381 4549 o)
1401 4474 1551 4534 Plutarch
1567 4478 1599 4533 iu
1613 4477 1735 4535 Pericle.
1837 4478 1873 4550 d)
1891 4420 2029 4534 mixti

489 4560 512 4629 ἱ.
524 4562 567 4621 16.
665 4562 695 4629 c)
716 4558 922 4643 L.l.pag.42.
1018 4558 1386 4641 OiuPclcmonep.530.
1484 4568 1518 4642 g)
1539 4566 2028 4645 CaylusRec.Toru.lI.pag.ttt.

487 4645 533 4806 13>
541 4648 683 4811 iliqpuqqa
689 4646 795 4800 lippara.
810 4664 877 4725 pag.
888 4660 931 4711 57.
1030 4647 1055 4721 i)
1075 4652 1155 4710 Orat
1165 4650 1267 4713 xxxt.
1282 4672 1312 4728 p.
1322 4656 1383 4719 546.
1481 4654 1516 4727 t)
1530 4675 1601 4763 'pag
1612 4668 1675 4729 249.
1690 4666 1716 4720 a.
1812 4654 1837 4727 l)
1855 4672 1924 4731 pag·
1934 4665 1993 4717 252.
2005 4662 2028 4712 2·
