4267 5500
771 583 1085 662 TRAIANVS.
1627 607 1699 678 455

152 751 263 817 autin
283 749 543 814 manducabam
564 749 605 831 ¹).
636 750 704 816 Seri
719 773 782 838 ego
800 755 899 820 Mala·
956 767 1081 817 motum
1109 753 1288 819 Decembri
1316 755 1428 821 adliait
1459 775 1596 843 praeter
1626 779 1700 827 cao·

154 855 204 917 lae
226 851 470 918 inconatentiam
494 851 563 936 ejua
583 853 685 938 ipaiua
709 855 817 920 rerbia
843 878 899 921 co·
956 878 1007 920 aaa
1024 857 1103 920 aliua
1117 857 1181 940 jam
1199 858 1344 942 cognitae
1359 881 1533 946 peranaaur
1554 862 1699 928 teatimu·

152 973 265 1040 arguo.
303 952 422 1018 Refert
446 955 509 1018 boc
537 955 612 1019 loco
640 969 749 1021 tarrae
777 971 898 1024 nemo·
954 959 1010 1022 nio
1033 960 1184 1042 anonymi
1205 959 1371 1041 cujusdam
1391 961 1621 1048 Olympiadem
1644 964 1703 1028 de·

151 1079 224 1122 rom
253 1053 294 1121 aal
321 1077 439 1120 annum
467 1058 508 1125 V.
532 1057 569 1123 0.
590 1057 663 1122 868.
700 1059 816 1124 Paullo
845 1083 897 1126 aa·
954 1061 1125 1146 antiptoria
1146 1061 1285 1139 Graeci,
1316 1084 1413 1146 quem
1441 1064 1476 1126 iu
1502 1065 1571 1128 auia
1598 1065 1699 1128 hiato·

151 1181 210 1244 pru
240 1159 401 1236 narravit,
442 1159 617 1244 Trajanum
650 1183 735 1226 anno
766 1162 897 1249 imperii
955 1162 1077 1226 riarum
1115 1164 1328 1228 collectaneis
1360 1165 1509 1228 exhibuit
1537 1165 1697 1247 Scaliger.

150 1260 201 1326 aui
214 1261 283 1326 xil.
301 1282 412 1325 menae
430 1262 570 1325 Octobri
585 1265 618 1325 in
635 1264 807 1338 Orientem
822 1288 897 1352 pro·
954 1267 984 1328 la
1012 1279 1122 1329 terrae
1150 1280 1273 1328 mutum
1296 1265 1552 1330 antiochensem
1579 1265 1620 1329 ad
1645 1287 1702 1328 an·

150 1363 289 1442 lectum,
307 1378 342 1427 ut
357 1365 485 1428 Parthia
501 1364 624 1428 bellum
640 1367 791 1434 inferret.
815 1371 898 1433 Coe·
953 1387 1030 1429 num
1053 1369 1109 1430 111.
1132 1366 1335 1452 Olympiadis
1358 1369 1420 1432 223
1447 1369 1568 1443 refert,
1602 1379 1698 1451 atque

148 1466 198 1549 pit
228 1487 329 1529 annno
361 1465 494 1550 Traiani
523 1467 595 1532 x11.
625 1467 691 1532 line
724 1471 895 1549 Octobris,
952 1470 1003 1532 illi
1027 1489 1157 1555 quoque
1186 1469 1272 1531 inter
1302 1487 1378 1546 eoa,
1410 1489 1491 1555 quoa
1522 1472 1615 1531 ruina
1643 1487 1701 1553 op·

148 1581 204 1644 put
231 1567 323 1630 initio
350 1567 547 1634 Novembris
578 1571 618 1638 V.
642 1571 678 1634 C.
708 1575 782 1640 libr.
821 1577 895 1638 Hoc
952 1571 1090 1655 premit,
1119 1584 1321 1633 memoratur
1348 1565 1501 1634 illabor
1523 1566 1636 1643 ὕπατος
1655 1575 1697 1650 ⁶).

148 1669 225 1732 loco
260 1681 385 1748 narrat,
428 1684 538 1735 terrae
573 1687 697 1736 motum
731 1675 893 1758 ingruiaae
950 1672 1128 1758 Cernebat,
1146 1672 1190 1735 ait
1204 1671 1342 1756 Pagina,
1360 1673 1414 1736 bic
1429 1679 1530 1736 anuna'
1545 1672 1602 1738 111.
1619 1670 1697 1734 inde

148 1771 281 1834 biennio
305 1786 379 1856 poat
405 1774 477 1857 cjua
497 1774 532 1835 in
556 1775 680 1856 Syriam
705 1776 893 1856 adventum,
952 1797 968 1837 a
1000 1773 1095 1838 lulio·
1113 1763 1188 1836 anni
1216 1774 1258 1840 V.
1280 1775 1319 1840 C.
1350 1776 1432 1851 868,
1463 1793 1546 1857 ergo
1576 1771 1698 1852 malum

146 1895 230 1960 ergo
247 1887 356 1938 terrae
375 1889 481 1938 mutua
498 1875 635 1960 contigit
655 1879 833 1943 secundum
850 1881 895 1943 al·
951 1876 1033 1938 illud
1069 1875 1220 1946 accidere
1257 1896 1325 1939 nou
1361 1877 1467 1960 potuit
1497 1873 1590 1936 initio
1626 1875 1697 1958 ejus

145 1991 255 2040 terum
285 1975 371 2040 launo
400 1977 470 2060 ejua
497 1977 660 2042 calculum
687 2002 772 2044 anno
796 1982 837 2048 V.
856 1981 891 2044 C.
951 1977 1044 2054 anni,
1083 1997 1148 2062 quo
1181 1991 1331 2062 tempore
1363 1977 1491 2041 nonoiai
1525 1997 1627 2041 annua
1656 1979 1697 2039 11.

144 2077 225 2156 863,
246 2075 471 2142 adaucturum
492 2078 572 2156 864,
593 2093 690 2166 atque
712 2082 795 2147 adeo
817 2105 893 2168 qua·
950 2079 1021 2163 ejus
1039 2065 1242 2162 Olympiadis
1259 2079 1491 2144 numerabatur
1505 2077 1549 2161 d).
1566 2079 1698 2144 Verum

145 2195 223 2243 tuor
258 2181 374 2243 aaltem
407 2181 499 2244 annia
535 2180 650 2246 aolidia
688 2205 707 2248 a
746 2204 781 2247 ae
819 2184 892 2268 ipso
950 2201 1046 2265 qnam
1071 2180 1189 2266 exigua
1214 2181 1259 2244 ait
1279 2183 1397 2245 borum
1418 2180 1697 2244 collectaneorum

145 2281 306 2345 diruentit.
327 2281 490 2345 Euanbiua
509 2303 584 2346 eum
601 2283 642 2346 etl
658 2305 776 2347 annom
795 2286 835 2353 V.
851 2287 888 2352 C.
949 2283 1124 2347 auctoritas
1149 2283 1327 2368 praecipue
1352 2283 1386 2344 in
1410 2276 1497 2344 irntia
1521 2279 1696 2343 chronolo-

143 2383 226 2462 866,
263 2382 425 2467 Evagriua
451 2383 493 2446 ad
516 2406 637 2448 annum
660 2387 723 2464 864
747 2403 891 2453 revocat.
951 2385 1049 2469 eicie,
1074 2400 1108 2448 et
1126 2383 1372 2468 quampluribus
1389 2383 1471 2446 lucia
1488 2403 1506 2444 a
1524 2379 1695 2464 Scaligern

145 2485 189 2547 At
207 2483 350 2546 omnium
369 2483 613 2552 adcuratiaaime
631 2489 715 2566 Dio,
733 2489 796 2573 ·qui
817 2511 892 2554 cum
950 2488 1022 2572 ipro
1038 2486 1233 2569 interpolata
1251 2484 1352 2547 fuiaae
1373 2498 1514 2561 constat,
1532 2495 1698 2548 noverunt

144 2599 434 2665 contemneret,
467 2587 583 2672 quibua
606 2611 645 2654 ea
666 2605 793 2676 strages
815 2593 893 2656 lata-
950 2609 1075 2652 omnea.
1105 2587 1195 2650 laturi
1222 2586 1445 2650 teatimnnium
1471 2585 1527 2670 qui
1554 2582 1698 2670 amplec-

144 2689 189 2752 tia
207 2688 288 2767 tait,
311 2687 416 2752 addit:
439 2686 477 2753 air
493 2687 539 2777 iar
555 2711 604 2752 aur
620 2689 635 2754 ὁ
649 2686 764 2755 neto.
786 2692 892 2757 e‘rirru·
949 2689 975 2753 ti
998 2690 1105 2765 volet,
1131 2689 1344 2771 amplectatur
1364 2688 1462 2752 etiam
1486 2687 1585 2766 illud,
1608 2686 1698 2772 quod

142 2812 197 2866 τος
214 2789 355 2875 ἐφυετο,
381 2796 468 2855 inter
490 2810 573 2875 quor
596 2796 697 2857 etiam
715 2799 795 2881 fuit
817 2816 892 2858 con·
948 2790 1060 2874 poncia
1090 2790 1186 2854 lineia
1215 2791 1311 2853 altiua
1341 2790 1458 2868 dictat,
1490 2788 1694 2853 'Hadrianum

141 2894 201 2958 sul
219 2894 305 2959 Pado
321 2890 366 2975 b).
393 2892 479 2953 Eum
497 2892 572 2957 laati
589 2914 703 2959 omnen
722 2895 891 2959 consulem
943 2893 1068 2957 lactum
1085 2912 1158 2955 care
1170 2892 1402 2975 imperatorum
1416 2910 1500 2955 anno
1512 2892 1570 2959 lv.
1583 2890 1696 2972 Olym·

142 2992 346 3058 ordinarium
387 2995 463 3057 anni
499 2996 540 3061 V.
577 2996 614 3061 C.
648 2997 712 3062 868
748 2996 892 3080 produnt
949 2993 1052 3079 piadia
1075 3012 1155 3070 ooo,
1189 2995 1245 3077 qni
1269 2994 1448 3078 reapondet
1475 3013 1560 3057 anuo
1591 2994 1633 3059 V.
1656 2994 1693 3056 C.

141 3095 283 3181 conlega
313 3094 472 3179 Vipstano
503 3098 666 3165 Mersella.
705 3098 779 3161 Hoc
812 3098 891 3163 Dio·
948 3096 1012 3161 865
1033 3096 1202 3159 manifesta
1226 3095 1439 3180 quinquennii
1456 3094 1693 3179 anticipatione.

141 3196 194 3259 nia
217 3198 407 3261 testimonio
429 3198 593 3263 refellitur
617 3221 730 3263 ruraua
755 3201 891 3277 Malaia,
949 3200 1086 3262 Poaaum
1110 3197 1238 3281 reliqna
1258 3222 1275 3261 a
1292 3198 1395 3283 Pagio
1417 3198 1545 3283 objecta
1566 3211 1694 3280 praete·

142 3300 200 3385 qui
225 3312 347 3378 terram
369 3313 489 3364 motam
510 3301 544 3363 in
564 3301 744 3365 Decembri
766 3302 890 3380 statuit,
949 3303 1018 3364 rire
1049 3300 1114 3365 boc
1144 3322 1210 3364 uuo
1240 3300 1371 3378 addito,
1406 3300 1584 3364 Beronium
1615 3318 1694 3384 quo-

142 3400 206 3465 etai
227 3400 260 3463 in
279 3422 364 3465 anuo
383 3422 457 3467 cum
472 3403 582 3466 Dione
604 3404 780 3487 conspiret.
808 3404 889 3469 Nam
948 3424 1033 3488 qne,
1063 3402 1257 3483 Calvisium,
1284 3418 1319 3467 et
1339 3404 1506 3466 Noriaiuna
1533 3416 1608 3467 ante
1635 3400 1695 3463 ini·

141 3524 186 3567 ex
203 3502 305 3567 titulia
325 3504 414 3571 111Ρ.
432 3505 503 3572 Vll.
522 3519 556 3569 et
572 3508 677 3582 Vnt,
701 3524 782 3589 quoa
805 3527 890 3570 anno
947 3507 1027 3569 tium
1056 3506 1143 3571 veria
1160 3507 1201 3573 V.
1216 3507 1253 3572 C.
1270 3505 1335 3570 868
1354 3519 1476 3568 terram
1498 3503 1691 3568 Antiochiae

143 3607 185 3673 V.
208 3606 245 3670 C.
275 3606 339 3671 868
368 3606 430 3668 tibi
461 3606 618 3691 Trajuuua
651 3606 793 3683 addidit,
836 3607 918 3679 ab·¹
947 3608 1075 3673 moveri
1110 3608 1252 3690 juariaae.
1300 3608 1354 3668 ill.
1383 3607 1491 3669 Etiam
1520 3624 1563 3669 ex
1589 3604 1692 3667 titulia

142 3708 231 3771 unde
245 3706 430 3793 colligitur,
454 3728 530 3771 aum
548 3708 642 3771 initio
656 3708 744 3773 veria
760 3730 837 3773 mox
856 3710 890 3772 in
948 3712 1036 3777 llll'.
1072 3712 1145 3777 Vll.
1188 3723 1222 3773 et
1257 3710 1343 3775 Vlll.
1389 3707 1596 3771 manileatnm
1637 3707 1692 3782 lit,

142 3808 305 3875 hecticam
331 3810 491 3888 moriare,
516 3810 718 3896 tranuitoque
742 3811 890 3895 Euphra·
948 3812 1123 3895 'frajanum
1144 3812 1275 3876 labente
1298 3832 1382 3875 anno
1406 3810 1472 3874 boo
1499 3810 1539 3877 V.
1563 3810 1601 3873 C.
1627 3808 1692 3890 867

141 3928 192 3989 tc,
212 3912 293 3977 etin
309 3912 646 3976 remotiaaimiaterria
662 3914 802 3997 potitum
818 3935 890 3979 cre·
946 3912 981 3975 in
1011 3912 1184 3979 Orientem
1212 3913 1363 3978 abiviaae.
1408 3910 1506 4006 Quotl
1534 3911 1690 3975 hactenus

142 4014 244 4079 dibile
269 4034 336 4076 nun
364 4026 416 4077 eat
442 4013 584 4079 rolulaae
607 4014 813 4080 Antiochiam
836 4037 889 4081 re·
945 4026 1093 4093 conatet,
1125 4016 1150 4077 ii
1177 4018 1282 4079 aolnm
1309 4015 1488 4101 junguntur
1515 4034 1590 4078 oum
1619 4014 1690 4097 ejus

142 4114 235 4192 dire,
272 4127 309 4179 ut
337 4114 384 4179 ibi
412 4114 568 4195 hiberna,
604 4132 639 4182 et
664 4118 888 4183 Decembrem
944 4116 1022 4183 trib.
1044 4122 1205 4203 potentate
1226 4118 1364 4193 xvim,
1387 4138 1469 4201 quae
1491 4116 1602 4199 coepit
1622 4114 1691 4177 ine·

141 4228 279 4301 ageret,
305 4238 487 4303 quanquam
515 4232 550 4285 ct
575 4219 646 4305 ipae
672 4220 738 4285 Dio
766 4220 799 4283 in
827 4222 888 4285 bac
945 4232 1025 4284 unte
1051 4220 1232 4285 Novembri
1258 4220 1355 4301 baina
1380 4220 1482 4304 ipaiua
1507 4219 1582 4281 anni
1609 4216 1689 4297 867,

142 4320 244 4385 inirao
259 4320 421 4384 contentia
438 4320 603 4399 rideatur,
625 4320 795 4409 aodqnem
814 4344 890 4387 mox
946 4330 1202 4407 erumperet,
1235 4322 1270 4383 in
1298 4321 1364 4385 boe
1395 4320 1578 4397 tribunatu,
1610 4341 1705 4404 quo-¹

143 4422 366 4489 refutabimus.
411 4424 570 4508 superent
610 4423 714 4489 adhoc
757 4424 888 4489 ‹limice-
945 4424 1031 4487 niam
1054 4422 1104 4487 bia
1125 4424 1255 4487 titulum
1275 4424 1423 4500 iteravit,
1442 4421 1568 4487 bellurn
1589 4422 1689 4484 maai·
1751 4441 1758 4453 ·

142 4525 189 4589 tio
215 4546 291 4589 cum
314 4524 435 4609 Pugio,
460 4526 516 4612 qui
538 4546 612 4591 oum
635 4524 754 4590 Malaia
777 4542 887 4593 terrae
945 4548 999 4590 ma
1021 4525 1187 4591 aaeriiaae.
1224 4528 1321 4604 Eatn,
1352 4526 1527 4609 Traianum
1546 4525 1611 4608 jam
1634 4547 1688 4587 an-

164 4752 212 4895 ιιι)
232 4748 472 4897 Ερὲεέιῶγτωη.
490 4754 594 4827 16185.
695 4752 1021 4827 b)1..1.xv11t§.25.
1123 4757 1155 4826 c)
1175 4771 1242 4829 pag.
1257 4772 1294 4808 m.
1311 4764 1375 4815 341.
1475 4752 1510 4823 al)
1532 4752 1685 4808 Critliar.

144 4858 161 4893 a
197 4858 265 4895 auu.
330 4850 414 4901 dli.
