4267 5500
661 590 1144 717 inuertere
1662 620 1702 680 n

130 784 264 879 mtrlta
284 782 345 867 illi
369 770 492 871 antea
519 786 637 871 fuere
659 787 936 901 providenda,
964 794 1105 905 magni
1126 791 1306 875 faciendi
1333 808 1574 905 apparatus,
1603 798 1696 909 qui·

132 926 211 1011 bus
239 918 401 1007 omissis
422 922 534 1008 curis
562 936 726 1011 tantum
755 929 915 1037 abfuit,
939 942 988 1014 ut
1020 958 1122 1013 sana
1156 919 1379 1013 eruditioni
1402 930 1622 1042 alimenta,
1653 948 1698 1039 et

132 1063 175 1149 in
194 1061 502 1169 incrementrun
521 1064 735 1179 profutura
754 1079 941 1179 pararet,
969 1081 1020 1151 ut
1039 1067 1312 1178 etiam,.c1un
1338 1080 1452 1151 recte
1477 1067 1567 1181 ipsa
1583 1070 1697 1155 rale-

21 1218 22 1237 ‘
130 1214 217 1309 ret,
246 1200 491 1285 morborum
510 1228 686 1290 examen
704 1200 943 1313 induceret,
970 1216 1033 1313 et,
1063 1205 1098 1288 si
1117 1204 1206 1318 opis
1224 1204 1457 1318 indigeret,
1480 1208 1700 1295 contrariis

129 1334 327 1423 remediis
357 1337 535 1423 salutem
558 1339 752 1426 redderet
777 1339 1096 1454 impeditiorem.
1124 1341 1352 1453 Oportebat
1371 1342 1581 1464 primpm,
1610 1338 1696 1429 non

131 1478 319 1591 recipere
336 1474 383 1559 in
401 1476 648 1591 catalogum,
673 1478 753 1563 nisi
769 1506 932 1589 numos,
956 1506 1139 1591 quorum
1157 1476 1449 1592 antiquitatem
1460 1505 1702 1594 reumaque·

20 1692 21 1721 ᾗ
131 1624 287 1699 statum
309 1612 670 1727 autadprobasset
683 1616 799 1730 ipse,
814 1630 887 1702 aut
904 1618 1110 1702 nonnisia
1129 1616 1228 1702 viris
1244 1616 1394 1700 inerte
1413 1626 1555 1701 nostra
1575 1646 1697 1729 prae·

20 1764 21 1769 '
131 1749 391 1839 stantissimis
402 1750 672 1864 adprobatam
686 1754 880 1841 novisset.
910 1754 1039 1867 Atqui
1053 1753 1261 1838 inhorum
1276 1780 1458 1867 numero
1467 1755 1695 1840 nonfuisse

131 1888 351 1975 Oceanum
376 1918 521 1998 suum,
556 1880 785 2005 intelligere
810 1892 898 2003 ipse
922 1892 1044 1975 facile
1068 1891 1220 2002 potuit
1257 1888 1309 1974 Vt
1336 1890 1453 1974 enim
1474 1892 1521 1973 in
1548 1892 1696 2003 quavis

20 2038 21 2041 ‘
131 2039 222 2112 arte
240 2024 378 2141 prima
397 2028 677 2141 experimenta
702 2028 863 2112 fallacia
881 2040 991 2137 sunt,
1015 2030 1073 2113 ita
1089 2057 1176 2112 non
1190 2038 1366 2140 possunt
1383 2026 1562 2113 Occonis
1582 2056 1705 2111 corn-
1824 2080 1829 2089 .

132 2163 354 2271 menterii,
379 2164 452 2279 qui
474 2164 585 2249 aliud
605 2198 691 2252 non
702 2179 825 2277 strnt,
852 2166 931 2251 nisi
954 2166 1138 2279 primum
1156 2164 1254 2250 artis
1278 2178 1444 2249 nostrae
1462 2178 1706 2274 tentamen,

132 2300 258 2389 variis
275 2300 410 2389 modis
429 2332 513 2389 non
529 2306 787 2418 frequenter,
797 2304 1058 2419 graviterque
1075 2330 1265 2417 peccare,
1290 2330 1393 2415 quos
1413 2303 1564 2387 sicum
1584 2316 1706 2416 aeta·
1805 2347 1814 2363 =

131 2438 186 2525 tis
206 2466 311 2525 suae
337 2440 485 2551 opibus
505 2440 756 2527 contendere
772 2441 982 2550 libuisset,
1010 2441 1230 2555 reperisset
1251 2434 1472 2547 continuo,
1497 2442 1705 2553 majorem

133 2602 387 2686 numerum,
413 2606 516 2693 quos
534 2576 566 2662 ii
582 2580 817 2685 continent,
840 2593 1002 2692 partem
1024 2592 1098 2664 aut
1116 2607 1207 2662 esse
1226 2576 1385 2684 falsam,
1414 2591 1489 2663 aut
1512 2591 1696 2690 spectata

135 2712 381 2830 epigraphe,
408 2716 540 2830 typis,
567 2716 739 2834 aliisque
760 2718 895 2804 causis
914 2716 1164 2832 gravissimis
1183 2744 1209 2799 a
1230 2742 1331 2802 vero
1351 2742 1603 2829 magnopere
1624 2716 1710 2814 ab·¹

136 2851 289 2940 ludere.
320 2855 375 2940 At
396 2883 496 2940 vero
515 2855 638 2972 hujus
662 2871 837 2945 naturae
857 2886 943 2942 non
970 2855 1094 2942 modo
1120 2867 1240 2963 samt,
1269 2881 1374 2967 quos
1395 2853 1697 2947 ,Mediobarbus

135 2990 180 3074 in
202 2989 442 3106 catalogum
471 3021 594 3079 suum
623 2995 791 3109 recipit,
831 2994 951 3080 numi
978 2991 1230 3097 Occoniaui,
1259 3004 1303 3074 et
1328 2992 1401 3102 qui
1417 2991 1482 3072 his
1501 2987 1698 3101 permixti

137 3143 253 3237 sut,
286 3129 520 3241 Goltziani,
548 3133 798 3244 sedetiam,
828 3161 930 3247 quos
949 3131 1039 3244 ipse
1060 3129 1174 3212 mdlo
1203 3125 1365 3210 dilectu
1389 3151 1444 3218 ex
1466 3125 1699 3210 commmt

139 3265 239 3352 catis
265 3295 412 3355 secum
435 3271 654 3385 catalogis,
684 3269 932 3384 schedisque
958 3267 1152 3374 corrasit,
1181 3279 1230 3350 et·
1250 3263 1296 3348 in
1314 3292 1436 3348 snum
1454 3263 1700 3349 Amaltheae

138 3431 269 3490 cornu
294 3409 486 3523 conjecit.
516 3409 746 3516 Percurre,
779 3410 814 3494 si
836 3409 973 3515 lubet,
1006 3409 1162 3513 fontes,
1190 3402 1304 3486 unde
1320 3401 1355 3485 is
1374 3429 1448 3487 sua
1465 3401 1633 3511 hausit,
1654 3416 1697 3490 et

141 3571 242 3656 quos
259 3543 413 3658 ipsein
437 3549 519 3632 fine
539 3547 675 3661 operis
700 3541 768 3658 sui
784 3544 1002 3652 iudicavit,
1031 3557 1074 3628 et
1092 3542 1271 3655 reperies
1296 3537 1341 3622 in
1357 3538 1422 3623 his
1445 3553 1522 3624 aut
1538 3539 1700 3623 obsole-

145 3693 207 3765 tos
241 3681 333 3768 illos
370 3683 579 3770 Levinum'
603 3683 815 3794 Hulsi'um‘,
855 3683 1120 3788 Tristanum,
1159 3675 1443 3791 Angelonum,
1473 3675 1701 3783 Smetium,

140 3831 233 3928 aut,
265 3821 417 3934 quibus
436 3823 549 3908 nulla
565 3823 688 3937 plane
711 3821 903 3908 habenda
926 3820 1051 3928 fides,
1079 3814 1315 3931 Ligori'um,
1344 3841 1494 3896 numos
1511 3816 1702 3897 Arscota-

141 3985 217 4040 nos
244 3971 320 4044 etc.
353 3971 427 4075 aut
449 3960 657 4076 catalogos
686 3973 901 4047 contextos
930 3959 983 4042 ab
1015 3955 1279 4061 arrctoribus,
1317 3979 1498 4066 quorum
1533 3950 1701 4036 nomina
1821 3961 1833 3978 ‘

137 4094 239 4208 reip.
268 4095 473 4184 literariae
508 4098 650 4212 ignota
675 4126 838 4212 semper
854 4099 981 4181 fuere.
1013 4099 1151 4210 Atque
1179 4119 1235 4174 ex
1252 4086 1317 4174 his
1344 4089 1576 4203 praeconiis
1602 4116 1715 4211 cum

20 4209 21 4228 Ν
139 4231 370 4319 maximam
393 4237 777 4352 supplementorum
799 4261 971 4321 suorum
986 4246 1148 4345 partem
1167 4229 1348 4346 legeret,
1376 4229 1535 4312 lactum
1556 4253 1701 4310 neces·

138 4371 270 4482 sario,
299 4401 386 4460 non
404 4374 529 4461 modo
547 4389 596 4462 ut
614 4375 851 4488 spuriorum
869 4371 1034 4484 copiam
1062 4370 1255 4478 inferret,
1284 4393 1519 4478 munusque
1536 4391 1702 4491 reprae·
1812 4471 1818 4488 '

141 4525 326 4600 sentaret
343 4541 399 4614 eo¹
413 4513 543 4625 cultu,
573 4543 700 4629 quem
718 4511 941 4627 antiquitas
959 4507 1190 4618 inficiatur,
1218 4508 1291 4592 sed
1308 4505 1432 4589 etiam
1451 4529 1502 4587 ea
1519 4515 1703 4616 praeter-

138 4649 241 4756 iret,
280 4677 389 4764 quae
416 4641 470 4736 ad
489 4681 639 4740 verum
666 4679 721 4738 ex
747 4649 884 4736 numis
917 4645 1166 4762 capiendum
1188 4646 1372 4729 fructum
1398 4640 1701 4756 praetereunda

143 4787 317 4874 minime
335 4791 515 4878 suerunt
543 4795 609 4898 An
627 4791 740 4912 enirn
756 4801 844 4875 toto
872 4787 942 4873 illo
961 4813 1086 4900 opere
1104 4785 1172 4870 vel
1190 4781 1320 4872 semel
1338 4780 1617 4867 commonitus
1636 4791 1700 4868 est

204 4953 300 5032 (rar.
321 4951 406 5033 Vl.)
1341 4921 1370 5002 b
1452 4929 1466 4947 ”
