4267 5500
430 583 486 661 ‘fio
1006 566 1062 643 ut.
1094 558 1436 649 ANTONIVS(

365 718 387 811 ,Ι
438 742 526 830 quod
554 742 587 805 in
618 737 780 805 'Octaviae
802 734 956 801 'levorem
983 756 1002 799 a
1029 748 1180 820 tempore

436 847 580 930 signatae
596 842 692 927 hujus
711 854 860 903 monetae
879 838 1011 922 petitur.
1078 890 1085 899 .

441 982 445 989 ·
497 946 554 1007 Ait
574 944 633 1021 IL,
654 956 825 1027 praetores
848 941 882 1001 in
907 940 1018 1004 Sicilia
1031 952 1106 1023 post
1126 959 1182 1003 ex·

369 1106 371 1110 ,
434 1060 541 1111 actum
566 1046 763 1130 Pompeium
792 1041 831 1105 ab
859 1040 1039 1108 Octaviano
1063 1041 1181 1105 consti·

432 1164 520 1214 tutos
548 1167 685 1212 ausuros
713 1166 780 1209 non
808 1142 909 1207 luisse
941 1164 1014 1209 cum
1037 1144 1182 1207 Antonio

433 1232 560 1316 sociare
607 1249 815 1333 Cleopatram
852 1247 1005 1328 neglecta
1045 1243 1182 1312 Octavia

429 1352 560 1439 patroni
587 1350 640 1414 sui
667 1344 796 1415 sordre.
847 1351 918 1411 Hos
943 1348 1040 1432 -ipsos
1069 1360 1180 1411 autem

429 1469 601 1539 praetores
626 1450 877 1515 luissesiciliae
897 1450 1102 1532 praefectos,
1130 1471 1180 1512 ar·

432 1577 536 1641 guare
566 1555 776 1639 triquetrum,
807 1571 1021 1635 comumque,
1056 1551 1179 1635 inquo

429 1658 567 1719 Bibulus
608 1654 727 1719 dicitur
764 1651 984 1716 PROConsul
1018 1652 1177 1714 SlCiliue.

430 1758 550 1825 Omnia
565 1757 599 1819 in
617 1758 678 1820 hac
695 1754 841 1819 oratione
855 1753 939 1817 male
957 1751 1178 1831 cohaerentia,

1237 734 1278 833 di,
1298 732 1527 818 Pamphyliae,
1561 732 1678 818 selges
1698 723 1868 813 Pisidiae,
1898 735 1984 818 prin·

1238 836 1348 918 cipum
1376 836 1573 901 Olbensium
1603 835 1738 901 Ciliciae
1768 835 1856 919 velie
1879 834 1917 898 in
1938 828 1997 899 Si?

1238 938 1314 1001 cilia
1335 958 1409 1002 esse
1428 939 1593 1022 signatos,
1610 938 1654 1000 iu
1675 930 1815 1023 quorum
1831 937 1984 1000 omnium

1237 1040 1363 1118 numia,
1390 1052 1428 1102 nt
1457 1059 1517 1103 suo
1549 1041 1627 1103 loco
1647 1038 1805 1119 diximus,
1836 1038 1985 1103 luculen-
2108 1075 2110 1106 ι

1238 1153 1319 1219 tam,
1359 1153 1394 1203 et
1431 1140 1561 1205 Siculae
1597 1134 1795 1205 simillimam
1825 1140 1984 1204 habenae

1237 1243 1443 1327 triquetram.
1485 1243 1589 1320 Nori,
1628 1262 1701 1305 eam
1721 1242 1758 1304 in
1779 1242 1900 1307 Siculis
1928 1261 1984 1307 no·

1236 1357 1308 1407 tare
1330 1343 1393 1407 tria
1414 1343 1539 1407 insulae
1556 1344 1805 1428 promontoria,
1844 1358 1876 1410 ut
1898 1344 1986 1409 idem

1237 1445 1420 1528 symbolum
1448 1447 1482 1508 ia
1508 1446 1645 1509 aliarum
1673 1445 1847 1530 regionum
1875 1448 1985 1509 uumis

1236 1548 1325 1611 aliud
1345 1561 1460 1610 notare
1482 1560 1612 1629 potest.
1633 1568 1670 1610 ac
1692 1547 1802 1611 debet.
1836 1548 1893 1612 Sic
1916 1569 1986 1611 mo·

1235 1669 1426 1732 nogramma
1449 1648 1519 1715 XP„
1537 1647 1572 1709 iu
1590 1648 1698 1711 numis
1720 1648 1889 1714 interioria
1912 1651 1988 1717 aevi

1236 1766 1351 1812 notare
1362 1750 1545 1826 Christum,
1561 1750 1750 1814 confersam
1765 1765 1833 1829 est,
1850 1765 1884 1816 at
1896 1754 1987 1817 idem

1236 1850 1272 1912 in
1311 1851 1419 1915 numia
1450 1852 1719 1916 Ptolemaeorum
1738 1852 1836 1916 aliud
1860 1868 1986 1919 motare

1236 1952 1362 2017 debere
1392 1954 1464 2037 quis
1493 1952 1673 2017 dubitabit?
1711 1955 1765 2015 Ex
1795 1975 1861 2040 quo
1889 1977 1986 2040 appa·

429 1876 498 1926 tum
522 1873 635 1945 aperte
651 1858 748 1923 ¹laloa.
794 1850 925 1933 Trioni,
951 1868 988 1917 ut
1008 1855 1042 1916 in
1058 1855 1180 1940 ,praeii-

430 1984 473 2028 ιο
496 1963 645 2045 catalogo
666 1959 824 2037 vidimus,
863 1955 1020 2021 babemus
1050 1970 1180 2038 praeto·

430 2083 504 2127 rum
532 2082 648 2125 numos
675 2060 835 2145 triquetra
856 2058 1022 2141 insignes,
1058 2057 1178 2141 Oppii,
1235 2068 1305 2131 rat,
1326 2054 1521 2138 triquetram
1540 2055 1681 2117 nimium
1704 2055 1806 2129 fallu
1815 2076 1897 2121 esse
1914 2080 1986 2123 mo·

429 2164 589 2244 Atratini,
629 2162 756 2239 Bibuli,
785 2180 866 2246 quos
895 2179 1008 2223 omnes
1036 2158 1064 2221 si
1085 2179 1180 2243 prac-
1236 2170 1332 2220 notre
1354 2155 1484 2235 Siculae
1506 2171 1745 2239 argumentum.
1775 2158 1823 2221 At
1840 2159 1986 2242 Bibulus

430 2281 521 2331 tores
544 2264 677 2327 Siciliae
702 2276 835 2338 statuas,
868 2281 1005 2323 neccsse
1029 2260 1094 2323 crit
1118 2273 1177 2323 sta·
1235 2258 1270 2319 in
1286 2257 1503 2322 numo'simili
1518 2257 1639 2321 dicitur
1652 2259 1875 2325 PBOCorrsul
1888 2263 1986 2327 SlCr'·

429 2382 524 2432 tuere
543 2366 659 2441 etiam,
684 2362 785 2427 luisse
804 2382 917 2425 omnes
933 2376 1000 2425 tres
1018 2362 1090 2445 ejus
1103 2382 1180 2445 pro·
1230 2362 1323 2439 liae,
1350 2361 1571 2447 magistratum
1593 2379 1676 2445 ergo
1694 2360 1731 2421 bi
1746 2362 1780 2423 in
1797 2362 1911 2428 Sicilia
1926 2365 1986 2428 ob·

387 2475 393 2488 ¹
427 2468 554 2533 vinciae
585 2478 756 2550 praetores
786 2484 853 2527 uno
887 2461 1179 2548 eodemqueanno
1235 2460 1392 2529 tinebant.
1431 2467 1518 2528 Istuc
1539 2464 1633 2528 ibam.
1676 2463 1817 2542 Mirum,
1834 2466 1876 2528 in
1896 2488 1982 2551 qnae

427 2570 471 2637 V.
487 2570 524 2634 C.
540 2586 622 2651 pto,
652 2587 718 2629 non
747 2566 856 2650 prius,
882 2584 958 2627 uam
981 2563 1059 2630 Sex.
1078 2566 1180 2628 Pom·
1236 2562 1377 2629 absurda
1397 2587 1514 2628 numus
1529 2566 1589 2629 ¹liic
1609 2588 1630 2627 a
1645 2563 1985 2650 Vaillantiopromul·

428 2660 522 2756 pejus
544 2668 673 2732 nonnisi
691 2680 939 2731 exeunteanuo
956 2666 1177 2750 praecedente
1236 2680 1328 2750 gatus
1350 2668 1497 2731 eandum
1518 2665 1684 2733 averterit.
1719 2666 1873 2731 Primum
1893 2672 1986 2738 Van.

427 2777 490 2858 718
519 2773 624 2838 rictus
654 2792 715 2856 per
743 2790 820 2834 suos
842 2781 936 2831 antea
957 2768 1177 2833 homines-in·
1234 2769 1353 2832 lautius
1381 2784 1495 2854 patera
1521 2791 1566 2834 ex
1594 2771 1658 2832 hoc
1683 2788 1784 2869 pnmo
1805 2770 1864 2848 ait,
1898 2774 1981 2838 Sici·
2108 2788 2110 2841 ὲ

426 2878 518 2940 sulae
542 2894 599 2937 res
620 2871 825 2956 procuravit,
855 2890 921 2932 uou
944 2885 1075 2953 postea,
1101 2894 1176 2936 nam
1234 2870 1311 2933 liam
1342 2871 1444 2934 fuisse
1465 2875 1500 2934 in
1520 2870 1657 2934 Antonii
1673 2884 1857 2954 potestate,
1891 2877 1982 2960 qnod
2108 2883 2110 2935 ἑ

326 3035 328 3039 ,
427 2999 512 3041 ιιιιιιο
542 2990 701 3062 sequente
730 2973 890 3037 Antonius
918 2971 982 3054 jam
1009 2973 1176 3057 processit
1233 2972 1339 3056 ipsum
1360 2974 1480 3037 Dionis
1511 2994 1643 3060 quoqne
1665 2971 1776 3036 verbio
1795 2972 1980 3042 confirmat.
2108 2960 2110 3008 t

426 3080 541 3143 consul
558 3081 614 3160 11.;
647 3091 679 3142 at
697 3078 736 3139 in
760 3073 904 3138 omnium
928 3073 1049 3136 borum
1076 3074 1175 3137 trium
1232 3074 1349 3138 Fuisse
1371 3095 1453 3160 ergo
1471 3076 1627 3138 Bibulum
1647 3072 1688 3137 ab
1710 3075 1856 3139 Antonio
1875 3078 1911 3140 iu
1929 3080 1980 3143 si·
2108 3085 2110 3088 ’

419 3185 533 3246 ‘numia
577 3192 707 3243 notatur
736 3175 926 3240 consulatus
960 3176 1000 3236 11.
1029 3176 1174 3239 nondum
1232 3176 1308 3240 cilia
1341 3178 1552 3242 coustitutum
1588 3178 1840 3261 proconsulem,
1875 3193 1911 3244 et
1937 3181 1979 3245 ab
2108 3166 2110 3190 ²

426 3282 540 3356 initus,
571 3298 690 3360 nempe
726 3277 1173 3360 cos.Des.1TER.1t'u.
1232 3278 1297 3341 boc
1324 3295 1533 3362 praesentem
1561 3300 1694 3343 numum
1727 3279 1763 3340 in
1792 3281 1906 3344 Sicilia
1926 3304 1979 3346 cn·

391 3439 395 3450 ,
427 3377 528 3442 TER.
551 3381 588 3440 In
610 3399 710 3440 ιιιιιιιιι
731 3397 811 3442 vero
832 3401 948 3444 annum
972 3393 1040 3444 tres
1064 3380 1174 3446 uarios
1232 3401 1304 3444 sum
1322 3388 1366 3464 ⁸).
1393 3382 1606 3449 Vaillantium
1626 3395 1753 3446 temere
1773 3396 1907 3447 secutus
1929 3397 1981 3448 cst

426 3481 595 3566 compingi
615 3493 802 3574 praetores,
817 3503 865 3544 an
887 3503 953 3545 non
973 3481 1173 3545 absurdum?
1230 3481 1477 3569 Harercampus
1498 3482 1544 3567 ¹³).
1586 3485 1661 3549 Non
1696 3485 1900 3550 immorabor
1930 3486 1980 3548 in·

427 3585 490 3662 At,
524 3577 646 3667 inquit,
685 3580 844 3666 triquetra
884 3583 1015 3646 Siciliae
1045 3596 1174 3667 praeto·
1231 3585 1400 3649 consultae
1437 3584 1515 3649 huic
1550 3585 1710 3663 orationi,
1751 3586 1880 3672 wando
1912 3587 1978 3671 jam

425 3707 481 3751 res
509 3685 596 3750 baud
626 3682 723 3746 dubie
755 3686 872 3769 arguit.
916 3687 970 3746 En
997 3683 1058 3747 tibi
1090 3706 1174 3768 sym·
1231 3688 1448 3750 Maazulenus
1470 3686 1598 3750 abunde
1613 3687 1788 3773 probarit,
1812 3711 1978 3775 nunquam

424 3789 539 3852 bolum
567 3788 670 3850 hocce
704 3785 836 3850 fatalem
865 3787 960 3850 illum
982 3787 1200 3871 scopulum,5
1230 3786 1375 3851 Antonio
1391 3789 1443 3871 jus
1457 3789 1561 3852 ullum
1578 3790 1613 3852 in
1628 3790 1773 3855 Siciliam
1799 3791 1923 3870 fuisse,
1944 3805 1978 3856 et

423 3893 458 3953 in
503 3908 568 3974 quo
609 3887 718 3953 navim
758 3889 899 3954 adlicere
933 3888 998 3958 riri
1039 3888 1172 3967 summi,
1229 3887 1347 3951 Dionis
1380 3888 1491 3954 locum
1526 3892 1613 3955 male
1641 3892 1817 3960 Vaillantio
1847 3892 1975 3959 intelle·

425 3987 660 4075 spanhemius,
715 3987 923 4067 Vaillantius,
975 3993 1172 4057 Havcrcam·
1230 4001 1328 4056 ctum.
1378 3989 1488 4055 Aliter
1522 4013 1605 4077 ergo
1642 3984 1792 4077 aenigma
1833 3995 1975 4079 explicat

424 4115 502 4180 pus,
524 4088 757 4167 Muauolenns,
779 4091 906 4176 aliique
922 4111 1061 4180 omnes,
1092 4093 1171 4157 dum
1227 4092 1467 4174 Marzolenus,
1486 4092 1547 4157 sed
1566 4107 1604 4158 et
1623 4094 1720 4157 aliter
1740 4111 1867 4178 peccat.
1904 4099 1973 4174 Ait,

425 4215 467 4259 eo
496 4193 579 4256 duce
609 4192 715 4256 numia
737 4190 788 4254 his
824 4193 968 4259 Siciliam
988 4196 1097 4260 natale
1118 4215 1171 4259 so·
1225 4193 1381 4256 Bibulum
1396 4215 1458 4279 pro
1475 4196 1615 4260 Caesare
1631 4195 1731 4261 fuisse
1749 4197 1884 4262 Siciliae
1899 4219 1974 4283 pro·

424 4299 493 4361 lum
521 4277 690 4380 imputant.
734 4293 835 4371 Novi,
874 4295 1066 4380 triquetram
1095 4317 1168 4361 esse
1228 4296 1407 4374 consulem,
1420 4297 1565 4382 signasse
1582 4300 1695 4361 tamin
1710 4319 1749 4364 ea
1768 4301 1971 4364 insulabnnc

425 4401 590 4483 vulgatum
632 4394 763 4459 Siciliae
802 4395 1008 4478 symborum,
1040 4411 1083 4463 at·
1101 4418 1169 4460 non
1223 4418 1357 4461 numum
1378 4398 1487 4481 juncta
1508 4422 1580 4466 cum
1600 4402 1765 4478 Antonio,
1800 4402 1893 4487 quod
1917 4403 1972 4466 ali·

425 4502 535 4576 solius,
552 4498 615 4562 nisi
633 4511 667 4562 et
677 4518 792 4562 numos
809 4498 947 4562 Suessae
963 4503 1168 4586 Campaniae,
1224 4513 1278 4564 ter
1308 4498 1383 4563 fieri
1403 4521 1470 4565 uon
1490 4517 1635 4587 poterat,
1664 4503 1810 4568 Octavia.
1855 4505 1973 4568 Subin-

425 4599 605 4683 Metuponti
627 4614 661 4663 et
682 4601 798 4669 Veliae
820 4602 1001 4682 Lucaniae,
1040 4604 1166 4688 Aspau-
1224 4603 1267 4670 de
1284 4607 1328 4691 V,
1345 4607 1381 4670 C.
1397 4623 1460 4689 7²²
1476 4606 1630 4682 Bibulum
1650 4605 1824 4671 aCacsare
1848 4608 1891 4670 sd
1910 4609 1973 4670 Διι-

462 4810 492 4878 a)
513 4806 546 4863 ln
560 4809 639 4864 Fam.
653 4809 721 4864 Aut.
740 4825 769 4884 p.
779 4821 841 4872 220.
916 4808 951 4882 b)
972 4809 1011 4868 ad
1026 4810 1141 4870 llorell.
1156 4812 1225 4871 lam.
1240 4833 1271 4891 p.
1281 4826 1326 4877 25.
