4267 5500
746 546 788 624 c.
823 548 1085 626 crss1vs.
1640 575 1686 644 25

136 717 292 780 obtinuit.
313 715 415 782 Dioni
433 715 555 782 dicitur
572 719 588 783 d
606 719 747 784 Komoi
763 719 780 784 d
794 715 890 804 Βρουέ
943 757 987 770 -
1004 717 1253 791 LENTVLVS.
1275 723 1413 789 SPIIV'I'.
1435 727 1626 805 Corneliae,
1647 764 1685 777 -

134 817 216 893 rofo'
234 815 369 902 Μαριας
387 821 428 900 ¹).
946 823 1102 890 COS'I'A.
1134 826 1234 890 LEG.
1268 827 1434 892 Pedoniae
1464 865 1506 878 —
1540 831 1688 893 CASCA.

198 923 349 1010 Nominis
366 925 456 989 IMP.
476 943 602 988 mnsam
621 926 886 1018 snpra-exposui,
944 927 1136 995 LONGVS.
1159 929 1320 993 ServiIiae
1343 965 1385 978 —
1407 931 1593 1003 c.F1.Av.
1615 934 1693 994 ΗΕ-

137 1023 326 1090 Pnocos.
341 1025 471 1105 dicitur,
488 1027 562 1111 quia
574 1025 798 1098 Macedoniam
813 1049 888 1113 pro·
945 1030 1036 1095 talc.
1054 1029 1155 1094 LEG.
1175 1030 1335 1094 PROPR.

136 1125 277 1190 vinciam
293 1128 521 1214 proconsulari
539 1141 700 1214 potestate
718 1129 814 1194 rexit.
1010 1133 1096 1216 Typi
1116 1132 1149 1194 in
1168 1133 1220 1196 his
1243 1135 1324 1197 nihil
1347 1155 1548 1222 magnopere
1569 1156 1692 1202 memo·

198 1234 325 1296 Nomos
349 1232 396 1295 sic
418 1231 594 1315 inscriptos
613 1231 707 1294 Istius
727 1232 792 1295 hoo
813 1231 889 1296 Ioco
947 1231 1051 1296 rabilo
1080 1234 1242 1312 offerunt,
1269 1250 1309 1301 et
1335 1237 1391 1323 qui
1420 1238 1462 1301 od
1488 1239 1576 1322 ipsos
1596 1239 1692 1302 Bruti

138 1355 290 1400 enar-rere
311 1353 589 1420 supervacaneum
607 1347 699 1416 puto;
721 1355 795 1397 nom
815 1356 889 1399 num
947 1334 1075 1418 legatos
1111 1336 1295 1419 pertinent,
1334 1357 1392 1402 eos
1424 1340 1459 1401 in
1488 1340 1693 1426 singulorum

140 1436 292 1522 plerique
320 1458 340 1501 a
371 1437 523 1520 quopiam
553 1435 648 1499 Bruti
675 1427 803 1520 iegato,
833 1437 890 1500 rel
948 1435 1091 1500 denariis
1120 1437 1300 1523 explicatos
1328 1440 1441 1507 habes.
1477 1446 1693 1507 Instrumenta

137 1551 375 1624 proquestore
400 1537 518 1634 signati
539 1537 621 1616 sint,
644 1537 678 1599 in
700 1537 820 1601 horum
842 1536 890 1622 ip-
947 1535 1146 1623 pontificalia
1173 1561 1272 1626 saepe
1293 1544 1398 1606 Bruto
1419 1543 1619 1634 tribuuntur.
1650 1547 1695 1607 Et

138 1661 249 1704 sorum
274 1653 406 1703 moneta
428 1638 587 1723 descripti
605 1638 669 1724 jam
692 1652 777 1704 sunt.
806 1639 890 1702 Sunt
946 1661 1029 1706 vero
1056 1641 1158 1706 tuisse
1182 1663 1257 1707 eum
1281 1645 1487 1729 pontificem,
1515 1647 1622 1710 innuit
1643 1647 1695 1709 Ci-

135 1757 257 1807 entem:
289 1745 337 1808 II.
369 1741 613 1811 SERVILIVS.
641 1738 742 1802 LEG.
772 1773 815 1790 -ν
842 1741 883 1807 1..
942 1743 1022 1806 oe'ro
1038 1743 1073 1806 in
1090 1744 1229 1829 epistole
1245 1747 1289 1814 V.
1306 1761 1340 1812 et
1355 1748 1428 1820 XV.
1447 1747 1489 1814 ad
1506 1748 1594 1813 huno
1610 1748 1693 1811 Bru·

138 1845 272 1911 SESTI.
293 1843 432 1941 PROQ.
453 1878 495 1895 -·
516 1844 555 1906 1..
577 1841 737 1907 PLAET.
760 1841 882 1908 CES'I'.
942 1857 1021 1910 tum.

776 2087 1056 2160 PRETIVM.

296 2263 401 2328 Ant-ei
420 2285 494 2328 eum
509 2264 604 2326 Bruti
623 2261 728 2348 eapite
760 2249 762 2256 '
813 2297 1313 2314 ······

299 2365 461 2450 Argentei
479 2385 553 2430 oum
570 2363 689 2429 eodem

298 2468 460 2551 Argentei
475 2467 546 2532 eine
563 2466 627 2532 hoe

690 2820 727 2884 C.
756 2816 997 2886 CASSIVS
1026 2822 1143 2895 IMP.

196 2991 234 3059 C.
253 2988 383 3055 Cassius
404 2987 576 3073 Longinus
597 2986 707 3069 mgni
730 2987 884 3072 inhujus
941 2987 1048 3063 bella,
1070 2985 1293 3072 Rhodiisque,
1316 3000 1351 3050 et
1370 2986 1489 3071 jnnmis
1511 3010 1585 3052 orm
1605 2992 1689 3053 Bru·

140 3092 207 3157 sesi
234 3092 374 3157 historia
404 3092 563 3169 nominis,
595 3090 655 3155 sed
685 3090 789 3155 Iamne
821 3112 886 3155 am·
942 3102 977 3153 to
1000 3089 1105 3174 copiis
1126 3088 1168 3153 ad
1191 3089 1455 3172 Philippeorum
1474 3094 1519 3156 Μ.
1535 3092 1690 3170 Antonio,

141 3195 272 3279 dignae,
307 3208 436 3261 notetus
462 3192 641 3278 praecipuo
667 3216 687 3258 a
714 3191 886 3257 erudelito·
943 3204 977 3254 et
1006 3190 1187 3255 Octaviano
1219 3191 1309 3276 signo
1338 3191 1486 3283 confert,
1519 3194 1690 3279 vietusque

140 3312 188 3375 to,
208 3320 272 3383 qne
291 3298 327 3359 in
350 3298 455 3363 victos
476 3316 554 3359 osus
575 3306 637 3360 est.
664 3298 710 3357 tt.
732 3296 886 3360 Crassum
943 3308 1039 3379 ceput
1062 3313 1160 3363 servo
1182 3274 1412 3379 ampottindrm
1434 3296 1574 3382 praebet
1594 3298 1636 3365 V.
1654 3298 1691 3365 C.

141 3400 178 3467 sd
194 3401 320 3466 bellum
336 3396 527 3464 Parthicum
551 3418 614 3483 pro
638 3410 813 3484 quaestore
836 3418 887 3462 se·
944 3414 1019 3474 7¹⁹·

141 3515 230 3568 outns
259 3522 333 3567 rem
361 3503 543 3565 Romanam
576 3500 668 3567 ducis
703 3500 888 3565 temeritate
959 3549 964 3559 .
1205 3528 1225 3569 a
1310 3481 1331 3524 '⁵
1413 3530 1435 3570 a

141 3607 173 3667 in
194 3604 334 3669 Oriente
355 3602 517 3689 perditem
538 3604 707 3688 praeoIore
729 3602 888 3679 restituit,
1110 3600 1147 3666 C.
1161 3602 1324 3669 cnssm.
1339 3603 1429 3669 m.
1454 3605 1562 3688 Caput
1577 3607 1694 3670 mulie·

143 3708 333 3793 Syriamque
371 3704 497 3771 errotis
533 3705 663 3771 Parthis
701 3704 887 3771 vindicavit.
1108 3705 1165 3768 bre
1184 3704 1381 3770 laureatum.

142 3812 178 3871 ln
205 3808 299 3873 bello
327 3808 416 3873 cirili
444 3820 555 3892 putee
585 3808 736 3892 Pompeii
766 3807 888 3891 umplo-
943 3803 1351 3876 st.sERv11.1vtt.LEG.
1365 3810 1471 3872 uariis
1488 3811 1590 3892 mis,
1606 3827 1689 3887 quos

145 3932 220 3989 xus,
241 3926 275 3977 et
297 3905 472 3993 heo-victo
492 3910 588 3974 venio
610 3909 746 3974 donator
766 3932 786 3973 a
807 3909 891 3974 Cae·
944 3910 1134 3988 explicatos
1160 3911 1235 3973 vide
1255 3912 1293 3973 in
1313 3922 1414 3992 gente
1436 3909 1591 3976 Servilio.
1618 3912 1691 3978 AV.

147 4033 235 4091 sare,
264 4028 300 4079 et
328 4034 393 4077 nna
418 4033 493 4077 oum
514 4014 618 4076 Bruto
640 4011 681 4077 ad
700 4024 887 4098 praeturam
944 4012 1014 4076 stt
1032 4012 1134 4095 (Idus.
1149 4011 1243 4078 Coeo.
1260 4010 1397 4074 MoreIIi
1412 4008 1446 4073 in
1460 4008 1536 4077 iam.
1550 4012 1657 4095 cass.)

146 4129 329 4200 promotu,
356 4127 470 4180 unctor
496 4115 568 4198 ipse
594 4114 672 4179 huio
696 4114 888 4200 oonjdrsndi
1109 4113 1147 4178 C.
1169 4101 1688 4181 cnsst.1ntP.'1.E11³EnTA8.

144 4216 177 4279 in
198 4220 371 4283 &osorem
400 4216 476 4299 init.
508 4217 617 4300 Hujus
643 4217 744 4291 caede
769 4236 889 4302 perpe·
1110 4216 1219 4300 Caput
1239 4217 1399 4281 muliebre
1425 4220 1535 4281 nimbo
1561 4221 1695 4281 redimi·
1810 4244 1814 4251 ·

144 4332 222 4385 trata
250 4320 285 4383 in
311 4312 439 4403 Syridm
468 4318 531 4382 sibi
560 4318 692 4404 pridem
720 4316 889 4383 decretum
1045 4311 1059 4329 ‘
1108 4330 1189 4395 tum,
1205 4322 1243 4381 in
1257 4321 1338 4382 aliis
1350 4333 1521 4403 praeterea
1536 4320 1692 4383 velatum.

146 4422 326 4499 contendit,
364 4442 443 4487 mox
473 4443 492 4485 a
523 4436 637 4487 senatu
666 4420 887 4487 confirmatum
945 4420 1197 4492 LENTVLVS.
1214 4421 1352 4483 SPIN'I'.
1371 4426 1476 4485 ouriis
1488 4424 1594 4506 typis,
1610 4441 1694 4501 quos

145 4524 252 4591 addito
283 4525 437 4611 imperio.
479 4522 584 4593 vietis
618 4524 653 4587 in
682 4524 760 4588 Asia
789 4524 892 4588 Dola·
946 4524 1134 4606 explicatos
1154 4526 1229 4588 vide
1248 4528 1285 4588 in
1305 4524 1470 4588 Cornelio.

183 4718 212 4789 Ι)
229 4718 261 4773 1.
275 4716 446 4789 XLI-Iit·
636 4782 640 4787 .
1524 4743 1528 4747 ’

192 4810 280 4892 (701.
296 4808 374 4891 γι.)
877 4900 880 4911 Ι
1173 4829 1177 4837 ·
1238 4874 1250 4895 .
1417 4803 1450 4863 n
1498 4858 1502 4865 .
