4267 5500
772 549 1044 632 iuuentuti
1053 559 1133 636 VS:

194 711 352 778 Hadriani
377 715 517 800 conjuge
538 714 580 778 ad
594 718 780 782 Memnonis
801 735 938 787 statuam
996 731 1212 815 comprobare
1234 738 1356 807 nititur.

192 807 368 882 visendam·
394 817 597 900 profectum,
634 818 819 906 factumque
852 823 938 887 istud
997 827 1103 894 driani
1118 833 1151 896 in
1165 857 1238 901 eam
1254 842 1426 927 regionem
1444 852 1510 916 iter
1527 835 1683 948 simplex,
1701 892 1743 933 an

193 917 383 1002 imperantis
399 917 557 982 Hadriani
578 941 663 984 anno
679 922 768 1002 XV„
798 923 867 990 sive
890 945 940 989 se·
997 933 1163 1014 geminum
1171 983 1190 1016 ,.
1208 939 1373 1026 disputare
1399 972 1466 1016 non
1486 955 1598 1039 lubet,

193 1019 336 1104 cundum
357 1039 474 1084 numos
491 1015 530 1082 L'.
551 1019 606 1084 Ie.
652 1023 744 1108 Ergo
765 1046 849 1090 anno
874 1027 939 1094 hoo
995 1053 1145 1128 mearum
1157 1060 1230 1105 esse
1246 1047 1388 1128 partium
1408 1055 1569 1140 existimo,
1586 1083 1741 1136 evertere

191 1120 415 1187 Alexandrino
433 1120 643 1202 Hadrianus,
660 1139 700 1188 etr
711 1124 830 1192 Sabina
846 1149 939 1213 prae·
995 1156 1223 1221 argumentum
1239 1146 1310 1228 ejus
1324 1152 1575 1240 validissimum,
1594 1187 1660 1250 quo
1674 1175 1744 1255 pri·

191 1207 302 1287 sentes
328 1224 423 1288 fuere
449 1224 483 1284 in
501 1225 670 1309 Aegypto,
700 1228 772 1312 qui,
804 1243 840 1292 ut
857 1229 939 1294 dixi·
995 1259 1102 1319 mum,
1142 1264 1180 1307 ac
1213 1251 1370 1316 maturius
1399 1257 1558 1326 Hadriani
1585 1267 1651 1333 iter
1680 1274 1743 1338 niti

191 1345 280 1401 anus,
298 1325 408 1408 coepit
423 1328 723 1412 exeunteAugusto
741 1331 783 1394 V.
799 1331 835 1395 C.
857 1332 938 1409 883,
995 1339 1066 1424 ipse
1089 1355 1237 1438 testatur,
1267 1349 1320 1413 Ad
1341 1367 1411 1418 tres
1432 1361 1519 1424 enim
1538 1387 1654 1433 numos
1675 1377 1742 1437 An·

191 1427 228 1486 P.
251 1425 294 1491 x,
334 1427 403 1492 130.
454 1424 604 1510 Amplius
636 1421 671 1492 et
706 1430 793 1496 diem
825 1431 939 1498 delinit
994 1439 1078 1505 tinoi
1106 1451 1275 1514 commatis
1300 1454 1534 1541 Alexandrini,
1563 1488 1676 1537 omnes
1697 1477 1740 1543 L.

190 1547 365 1606 marmor,
381 1547 489 1612 neque
505 1541 673 1612 quartum,
696 1545 730 1594 et
746 1534 938 1600 vicesimum
998 1540 1047 1608 Θ..
1058 1560 1205 1628 notatos,
1235 1573 1317 1638 quos
1338 1558 1417 1622 olim
1442 1562 1476 1624 in
1502 1570 1651 1656 catalogo
1674 1596 1744 1640 mu.

189 1629 313 1695 mensis
338 1629 453 1712 Athyr.
497 1629 614 1714 Coepit
645 1631 699 1696 hic
720 1638 841 1698 mensis
863 1637 939 1708 anui
997 1645 1056 1707 aei'
1079 1637 1231 1716 Caesaiei
1270 1655 1528 1746 descripseram,
1572 1693 1741 1758 provocat,

188 1732 345 1816 Aegyptii
370 1730 487 1794 tertius
517 1732 552 1794 in
581 1753 665 1796 anno
694 1739 859 1800 communi
881 1738 935 1802 die
995 1765 1122 1833 enque
1145 1751 1218 1832 jura
1243 1758 1368 1841 arguit,
1398 1785 1472 1828 cum
1494 1771 1656 1844 Antinous
1676 1781 1743 1848 Hu-

187 1833 339 1902 xxvttt.
362 1831 532 1912 ,Octobris
570 1837 646 1898 anni
682 1837 813 1915 Iuliani,
852 1860 936 1926 erge
994 1845 1099 1913 dtiaui
1115 1869 1227 1917 comet
1240 1846 1378 1925 testibus
1394 1861 1446 1929 tis
1459 1851 1575 1933 nonis
1591 1893 1740 1947 mortuus

188 1947 322 2020 quartus
336 1947 371 1999 et
382 1935 556 2001 vicesimus
570 1937 676 2021 Asbyr
693 1940 847 2004 currebat
861 1961 937 2006 cum
993 1948 1058 2031 jam
1071 1950 1176 2017 inerit
1192 1956 1228 2018 in
1242 1959 1393 2046 Aegypto
1410 1988 1496 2031 anno
1519 1971 1650 2057 imperii
1666 1983 1740 2059 lli„

189 2037 244 2102 dia
264 2037 336 2102 XX.
355 2036 569 2117 Novembris,
601 2058 668 2123 quo
687 2040 774 2122 apud
789 2045 937 2109 Memno·
992 2053 1084 2116 numi
1116 2055 1172 2117 alii
1194 2059 1409 2130 Alexandrini
1430 2069 1631 2142 Hadrianum
1653 2105 1742 2159 anno

187 2159 266 2202 nem
281 2139 344 2202 init
359 2139 486 2203 Sabina.
518 2139 571 2200 En
588 2159 630 2202 ex
649 2139 772 2204 illustri
788 2143 851 2208 huo
867 2167 937 2209 mo·
992 2153 1066 2222 XV.
1087 2143 1188 2222 fuisse
1208 2159 1242 2222 in
1256 2163 1409 2250 Aegypto
1430 2183 1611 2258 testentur,
1632 2188 1737 2270 sequi,

185 2240 646 2324 numentotempitproxime
665 2240 849 2322 delinitum,
869 2267 933 2332 quo
991 2252 1042 2318 bis
1081 2276 1156 2320 eum
1191 2261 1232 2324 ad
1263 2263 1348 2332 hanc
1376 2273 1550 2357 regionem
1576 2273 1738 2353 inrisisse,

185 2341 371 2407 Hadrianus
386 2343 421 2404 in
439 2343 588 2426 Aegypto
605 2360 760 2422 praesens
781 2345 842 2410 luit
859 2369 934 2432 pro·
990 2355 1117 2424 Verum
1133 2379 1207 2426 cum
1224 2365 1360 2432 eosdem
1378 2372 1438 2439 hos
1454 2397 1571 2445 numos
1587 2388 1739 2454 secundi,

183 2444 273 2509 xime
291 2442 387 2506 etism
400 2442 577 2507 accedente
591 2440 667 2508 diro
675 2444 877 2530 Hieronymo
894 2451 933 2530 ¹),
991 2457 1078 2521 curis
1092 2460 1125 2522 in
1142 2483 1282 2529 examen
1293 2491 1502 2542 revocantem
1518 2503 1560 2547 eo
1576 2498 1736 2570 tempore,

118 2609 123 2620 ,
184 2565 225 2608 ex
252 2545 345 2628 cnjus
364 2558 474 2608 mente
501 2544 678 2624 Antinous,
716 2547 872 2613 Hadriani
897 2553 931 2614 iu
991 2580 1056 2645 quo
1073 2563 1189 2628 eadem
1206 2589 1398 2653 argumenta
1414 2577 1456 2643 de
1472 2583 1629 2651 Hadriani
1644 2589 1738 2655 igine.

183 2647 304 2710 itinore
334 2646 500 2734 Aegyptio
537 2666 666 2726 comes,
707 2647 743 2710 in
778 2651 929 2737 Aegypto
987 2679 1044 2737 re,
1066 2675 1221 2732 etmorta
1236 2674 1372 2740 Antinoi
1389 2692 1528 2749 tractare
1546 2690 1653 2774 coepi,
1669 2712 1737 2757 non

184 2763 392 2813 mortumest
407 2750 448 2819 V.
459 2751 495 2815 C.
513 2750 588 2827 882,
607 2748 650 2813 du
668 2751 829 2835 quotide,
846 2774 929 2842 quae
988 2760 1231 2847 obseure'vidi,
1261 2775 1439 2859 legendum
1464 2788 1573 2866 potius
1592 2793 1632 2856 t.
1655 2792 1735 2869 ΙΘ..

183 2852 277 2935 plura
293 2850 439 2917 dicemus
458 2853 491 2913 in
506 2863 638 2916 moneta
653 2852 798 2921 Antinoi.
988 2874 1023 2925 ut
1038 2864 1122 2930 adeo
1146 2884 1262 2935 auctor
1282 2876 1478 2945 clarissimos
1502 2905 1543 2949 ax
1558 2890 1609 2953 his
1628 2899 1735 2961 musei

248 2954 341 3018 Haec
371 2953 501 3039 pridem
531 2952 745 3039 scripseram,
781 2972 857 3020 cum
888 2960 929 3021 ad
987 2966 1092 3028 nostri
1128 2972 1235 3034 nemis
1272 2976 1355 3040 nihil
1384 2980 1502 3046 habeat
1534 2988 1574 3051 ad
1604 3012 1733 3061 cautam

183 3076 296 3119 manus
321 3076 410 3119 meas
438 3056 589 3141 pervenit
614 3076 696 3141 opus
710 3060 928 3142 'praeclarum
987 3086 1077 3131 sunm
1107 3070 1259 3154 subsidii,
1288 3090 1323 3141 et
1349 3098 1481 3164 gravate
1509 3086 1612 3154 leram
1641 3095 1731 3181 ipse,

183 3154 322 3241 Georgii
347 3158 495 3241 Zaigae,
529 3177 593 3241 quo
619 3158 646 3221 ia
671 3160 851 3243 Aegyptios
869 3184 928 3226 nn·
986 3188 1058 3232 mea
1076 3173 1277 3259 negligentia
1292 3182 1366 3247 tiro
1382 3184 1464 3246 mihi
1486 3191 1678 3261 amicissimo
1696 3202 1732 3263 in

181 3280 253 3322 mos
281 3259 388 3322 musei
411 3258 568 3345 Borgiaui
593 3260 768 3325 illustravit
800 3260 927 3345 adjecta
986 3290 1024 3333 re
1047 3276 1207 3356 gratioris
1221 3285 1380 3346 momenti
1393 3285 1494 3351 fabae
1511 3291 1652 3363 illusum.
1675 3302 1733 3367 Vi·

181 3360 412 3425 dissertatione
432 3360 474 3425 de
502 3372 668 3444 tempore,
701 3381 766 3446 quo
792 3365 926 3433 Hadria·
986 3370 1056 3449 dc,
1077 3396 1160 3459 qnae
1178 3378 1221 3443 de
1239 3382 1291 3445 hie
1306 3385 1441 3452 Antinoi
1456 3395 1563 3461 numia
1580 3398 1613 3461 in
1634 3402 1730 3487 hujus

180 3484 241 3525 nus
270 3462 304 3523 in
332 3461 484 3545 Aegypto
511 3460 584 3526 suit.
643 3464 717 3527 Non
746 3482 846 3551 negat
876 3472 925 3536 vir
984 3488 1115 3540 moneta
1130 3483 1294 3565 copiosius
1312 3485 1480 3559 disseram.

178 3576 364 3645 praestans,
392 3562 592 3629 Hadrianum
614 3586 699 3630 anno
724 3567 855 3653 imperii
876 3590 925 3634 te·
1045 3577 1082 3639 si
1104 3580 1308 3667 Hieronymo
1329 3583 1381 3670 1’),
1412 3607 1447 3655 et
1473 3595 1668 3669 Cassiodoro
1693 3604 1732 3669 li-

179 3665 323 3730 eundum
343 3665 581 3730 Alexandrinos
596 3666 668 3733 XV.
692 3665 794 3731 fuisse
813 3670 847 3732 in
862 3675 927 3737 Ae·
984 3673 1061 3756 det,
1098 3682 1282 3751 Hadrianus
1310 3688 1542 3759 Alexandriam
1568 3724 1586 3763 a
1611 3705 1729 3771 Roma·

178 3778 300 3850 gypto,
337 3768 444 3830 numia
476 3764 705 3833 Alexandrinis
735 3790 810 3833 cum
839 3795 924 3839 anno
983 3779 1033 3843 nis
1057 3797 1211 3849 vastatam
1235 3786 1373 3869 refecit,
1410 3810 1444 3859 et
1474 3811 1557 3863 teste
1583 3804 1728 3889 Vopisco

178 3864 255 3943 te..
285 3885 366 3953 quos
387 3888 485 3953 supra
501 3868 659 3947 indicati,
690 3870 787 3935 nimis
811 3891 924 3959 aperte
983 3895 1096 3946 vetera
1118 3888 1291 3975 privilegia
1313 3896 1473 3975 restituit,
1510 3916 1545 3964 et
1572 3924 1654 3971 nova
1673 3908 1728 3973 ad.

177 3966 264 4031 istud
296 3970 500 4038 docentibus.
558 3971 701 4047 Verum,
729 3974 820 4055 quod
853 3978 923 4039 aliis
982 3980 1062 4044 didit
1080 3987 1120 4066 c).
1162 3990 1200 4049 ln
1230 3991 1347 4058 eadem
1376 4000 1460 4062 urbe
1490 4021 1565 4067 cum
1600 4008 1726 4090 proleg.

177 4070 276 4137 etiam
296 4070 376 4139 viris
396 4073 533 4139 eruditis
549 4072 711 4159 placuisse
730 4072 843 4154 video,
874 4076 923 4141 bia
963 4083 1112 4165 ‘toribus
1127 4086 1307 4172 disputasse
1325 4097 1499 4179 inmuseo,
1517 4106 1615 4171 tradit
1629 4112 1726 4197 Spar·

176 4194 253 4236 eum
282 4172 317 4235 in
345 4174 533 4262 Aegyptum
571 4174 755 4261 proiectum
796 4179 922 4257 statuit,
981 4184 1095 4253 tianae.
1118 4191 1203 4276 'I'ypi
1216 4215 1391 4264 numerum
1404 4206 1624 4285 praesentium
1636 4214 1725 4295 prin.

174 4274 381 4361 primumque
411 4277 481 4359 ejus
514 4278 579 4341 iter
607 4298 692 4343 auno
715 4278 847 4363 imperii
870 4300 922 4345 ae·
970 4286 1068 4371 cipes
1081 4289 1225 4378 Aegypti
1250 4297 1348 4379 deos,
1376 4316 1431 4366 aut
1451 4304 1628 4376 fertilitatis
1645 4333 1722 4399 cog·

174 4375 317 4439 cundum
344 4377 584 4443 Alexandrinos
606 4380 662 4445 v1.
691 4378 823 4463 adfigit,
854 4400 918 4467 qut
978 4386 1064 4453 uitae
1096 4412 1287 4479 argumenta
1324 4402 1497 4483 exhibent,
1535 4432 1573 4474 ao
1612 4430 1725 4479 notan·

171 4479 269 4543 etism
295 4491 444 4561 tempore
475 4494 638 4543 mortuum
668 4478 715 4542 ibi
744 4482 918 4549 Antinoum
979 4488 1055 4555 dum
1077 4511 1265 4579 praetcrea,
1296 4522 1458 4589 nunquam
1480 4509 1513 4569 in
1535 4514 1641 4579 numi,
1658 4520 1723 4583 no.

167 4664 1710 4729 Ἣ

208 4796 239 4869 a)
259 4795 293 4855 ln
309 4796 468 4862 Chronico.
542 4797 578 4870 b)
598 4798 652 4859 lc.
729 4803 759 4877 e)
779 4803 1071 4877 instimulante.
1184 4835 1189 4845 ’

1337 4914 1496 5007 Qtte
