4267 5500
760 540 767 581 l

861 578 1030 653 NERO.

171 743 344 822 clamerit3
379 760 454 803 nam
493 739 615 803 diserte
651 740 825 805 Suetonius
855 743 915 821 ait,

170 848 341 909 Neronem
371 840 525 907 clausisse
558 844 669 903 lanum
704 856 774 906 tam
804 848 915 923 nullo,

169 966 267 1025 quous
290 946 423 1009 residuo
445 944 541 1006 bello.
572 943 608 1004 Si
633 942 740 1022 nullo,
766 966 847 1030 ergo
873 968 915 1010 ex

168 1068 264 1111 causa
277 1050 374 1131 justa.
403 1047 522 1113 Vtrum
536 1044 661 1126 rejecta
679 1043 791 1109 Orosii
807 1060 917 1111 aucto·

167 1150 264 1211 ritate
295 1146 384 1210 istud
407 1146 511 1209 Taciti
542 1145 760 1229 fragmentum
782 1147 855 1229 jure
880 1149 916 1209 in

167 1248 361 1313 adulterinis
376 1260 470 1330 putet
481 1248 651 1310 Massonua
673 1251 718 1326 ¹),
740 1250 916 1313 vehemen-

167 1366 221 1415 ter
241 1350 386 1433 ambigo.
418 1345 584 1414 Vocabula
606 1348 731 1413 PACE.
755 1352 914 1418 TERRA.

167 1452 384 1543 unfflQVE.
419 1448 569 1509 PARTA
604 1446 725 1510 habent
753 1450 914 1517 formulae

168 1553 320 1633 modum3
343 1571 418 1613 nam
434 1547 551 1611 iisdem
564 1547 664 1611 utitur
681 1549 777 1613 ctiam
792 1551 915 1633 Livius,

170 1654 400 1721 cumulaturum
411 1651 451 1715 ab
461 1651 608 1735 Augusto
622 1651 733 1712 lunum
747 1670 856 1719 narrat
870 1653 916 1737 b),

167 1772 202 1821 et
219 1753 397 1821 Suetonius
420 1753 461 1834 c).
502 1751 611 1814 clusit
638 1772 699 1833 pro
721 1757 845 1821 clausit
861 1758 916 1821 ad·

167 1858 231 1920 buc
248 1854 392 1919 Neronis
408 1866 513 1917 aetate
530 1850 689 1927 valuisse,
724 1876 789 1917 non
808 1858 915 1924 solum

167 1958 305 2033 binnmi
318 1952 475 2040 probant,
493 1953 552 2017 sed
567 1966 601 2015 et
618 1955 745 2018 Seneca
763 1976 913 2039 coaeum,

167 2060 224 2146 qui
242 2056 364 2145 passim
385 2056 419 2118 in
442 2052 595 2139 operibus
616 2054 683 2119 onis
702 2058 834 2123 cludere
851 2081 913 2145 pro

169 2163 324 2225 claudere
339 2155 515 2241 usurpavit.

168 2362 209 2459 Q.
298 2359 433 2425 NERO.
470 2358 700 2427 CLAVDIVS.
733 2361 915 2433 CAESAR.

295 2462 399 2532 AVG.
426 2460 667 2527 GERMtNtc.
712 2466 817 2546 Caput
843 2471 916 2531 lun.

298 2577 446 2639 rentum,
466 2562 540 2626 vels

168 2667 207 2729 ll.
294 2663 429 2729 NERO.
445 2666 605 2731 cntvn.
618 2665 799 2731 CAESAR.
809 2668 911 2736 AVG.

290 2765 911 2849 GERMANIC.Cuputruds'nturn,uels

169 2871 201 2931 S.
296 2866 430 2932 NERO.
463 2869 699 2936 cnnVfflVS.
730 2871 913 2936 CAESAR.

289 2969 392 3037 nvG.
406 2967 702 3040 GERMANICVS.
724 2975 830 3058 Caput
841 2976 914 3037 lau·

1597 601 1601 607 ’
1646 626 1716 695 rte

972 749 1122 814 locorum
1171 756 1366 843 praecipuos
1417 766 1496 831 artis
1546 776 1719 860 magistros
1818 783 1821 787 ⁴

971 850 1089 927 voluit,
1130 857 1193 917 etei
1219 872 1284 921 tam
1313 864 1491 930 miserabili
1526 872 1597 956 ipse
1632 896 1720 945 esset

971 969 1072 1027 voce,
1104 974 1200 1037 quam
1223 962 1389 1045 exiguam,
1421 986 1454 1032 et
1476 972 1598 1037 fuscam
1624 996 1721 1046 vocat

945 1108 956 1137 ι
973 1048 1147 1117 Suetonius
1163 1054 1214 1139 d),
1235 1076 1271 1124 ut
1285 1062 1386 1127 risum
1403 1070 1517 1150 simul,
1539 1076 1720 1167 fletumque

974 1150 1223 1219 auscultantibus
1257 1167 1474 1249 exprimeret,
1516 1177 1578 1238 etsi
1609 1184 1719 1246 Muso-

972 1252 1078 1330 nium,
1107 1256 1162 1339 qui
1186 1266 1313 1325 canenti
1338 1266 1501 1349 interfuit,
1528 1280 1649 1356 ,mitius
1672 1285 1721 1347 ui-

973 1350 1106 1429 deamus
1137 1358 1298 1438 judicasse
1320 1367 1359 1445 e).
1408 1371 1574 1441 Processit
1610 1364 1719 1447 tamen

973 1453 1081 1516 invitis
1098 1459 1200 1521 Musis
1224 1462 1257 1523 in
1279 1465 1385 1547 ipsum
1407 1472 1585 1555 theatrum,
1616 1472 1722 1549 illato·

975 1576 1038 1638 que
1051 1556 1083 1616 in
1095 1557 1203 1621 album
1213 1566 1435 1646 profitentium
1450 1574 1718 1650 citharoedorum

974 1676 1032 1719 suo
1057 1662 1189 1724 nomine
1216 1664 1335 1729 cecinit
1358 1672 1573 1752 publicenon
1592 1685 1718 1753 Romae

973 1756 1093 1835 modo,
1122 1763 1297 1829 sedetiam
1324 1774 1492 1855 quoniam,
1525 1794 1559 1841 ut
1581 1783 1722 1867 ferebat,

972 1860 1040 1921 soli
1048 1862 1172 1939 scirent
1188 1869 1306 1928 audire
1317 1870 1449 1950 Graeci,
1466 1880 1533 1940 suli
1545 1904 1590 1955 se,
1606 1900 1721 1951 etstu·

972 1962 1039 2023 dtis
1054 1966 1127 2025 suis
1139 1980 1248 2028 essent
1259 1971 1359 2049 digni.
1373 1968 1411 2052 ¹),
1429 1976 1584 2058 Neapoli,
1602 2004 1639 2045 au
1652 1998 1722 2049 tan·

972 2059 1049 2124 dem
1090 2063 1232 2129 instituta
1267 2070 1472 2151 proiectione
1509 2079 1544 2141 iu
1579 2083 1716 2151 theatris

970 2160 1124 2227 Achaiae.
1167 2167 1211 2228 Et
1231 2166 1413 2237 institueret
1443 2180 1602 2261 quoddam
1635 2188 1719 2250 mili·

971 2274 1039 2337 tum
1058 2283 1194 2347 eorpus,
1224 2290 1305 2353 quos
1322 2276 1546 2358 Augustanos
1572 2287 1718 2367 rorabat,

974 2367 1030 2449 qui
1049 2364 1128 2446 jussi
1142 2384 1252 2447 erant,
1279 2393 1361 2437 voce
1380 2395 1418 2439 ac
1435 2399 1584 2445 manuum
1599 2387 1716 2470 plausu

973 2466 1146 2531 celebrere
1170 2484 1340 2536 canentem
1361 2476 1552 2562 Caesarem,
1576 2491 1721 2572 compel-

972 2565 1071 2630 lando
1085 2590 1159 2633 eum
1168 2572 1373 2653 Apollinem,
1387 2590 1421 2641 et
1435 2604 1537 2646 unum
1554 2590 1643 2669 uelut
1657 2594 1719 2674 ey-

972 2668 1092 2734 stium.
1132 2670 1198 2764 Qui
1213 2674 1310 2758 plura
1335 2676 1377 2740 de
1398 2680 1460 2743 bac
1485 2682 1555 2768 ejus
1576 2691 1717 2755 musices

970 2768 1062 2832 rabie
1082 2773 1191 2850 uolet,
1224 2776 1320 2839 adeat
1345 2779 1538 2846 Suetonium
1559 2791 1606 2870 s),
1637 2793 1717 2855 Dio·

970 2889 1047 2932 nem
1062 2867 1114 2953 lt),
1130 2874 1278 2938 Tacitum
1298 2878 1334 2960 ἱ).
1357 2881 1409 2942 Ad
1429 2891 1611 2966 praesentis
1626 2895 1717 2955 numi

970 2983 1083 3054 typum
1118 2977 1293 3066 plurimum
1328 2982 1458 3045 confert
1492 2988 1715 3056 testimonium

286 3081 427 3134 rentum.
973 3073 1121 3136 Suetonii
1135 3080 1293 3142 narrantis
1307 3075 1358 3161 ¹⁵),
1379 3084 1528 3166 posuisse
1547 3089 1715 3157 Neronem

170 3171 304 3238 PONT.
318 3169 388 3234 uel:
410 3170 585 3234 PONTIF.
602 3174 708 3258 MAN.
728 3176 797 3237 ΤΒ.
810 3175 912 3241 ΡΟΤ.
970 3189 1104 3238 statues
1115 3181 1563 3266 suescitlrnroedr'colrubitu,
1579 3212 1644 3272 qun
1661 3218 1718 3259 no-

166 3275 221 3338 vel
230 3271 417 3336 rorsssr.
435 3275 522 3336 ΙΜΡ.
540 3275 577 3340 Ρ.
593 3276 632 3338 P.
646 3281 682 3338 in
697 3279 775 3338 uls'r's
787 3279 913 3354 addito,
971 3282 1120 3340 testium
1133 3300 1267 3342 numum
1272 3288 1447 3363 percussit.
1469 3289 1619 3356 Eundem
1629 3296 1716 3362 hune
1735 3289 1742 3298 ’

166 3381 203 3440 s'n
215 3379 297 3439 ulis‘s
310 3377 431 3438 omisso
446 3375 480 3439 S.
496 3375 533 3440 C.
550 3373 640 3438 Nero
654 3357 762 3460 ⁸longo
776 3379 915 3440 indutus
970 3377 1071 3442 luisse
1090 3379 1354 3446 citharoedorum
1368 3385 1524 3470 habitum,
1543 3392 1577 3458 in
1595 3396 1717 3461 deseri.

168 3479 377 3556 uestecupt'te
390 3477 541 3539 laurento
556 3478 911 3560 gredienslyrucunr't.
970 3478 1080 3545 bondo
1097 3481 1233 3568 Orpbeo
1251 3484 1361 3550 docuit
1377 3490 1534 3576 Virgilius
1555 3493 1597 3579 Ι).

166 3577 209 3638 In
234 3577 407 3639 nonnullr's
443 3579 479 3638 in
500 3580 568 3640 imo
588 3590 755 3660 comperet
782 3581 911 3642 notul.
1033 3583 1104 3649 Nec
1119 3575 1192 3649 'non
1213 3585 1383 3651 Threicius
1404 3593 1602 3675 longanum
1625 3616 1715 3664 veste

167 3677 250 3739 Sunt
268 3676 357 3741 obuii
372 3675 442 3742 ΔΕ.
454 3681 514 3756 11.,
532 3678 632 3763 aliqui
643 3677 684 3742 ad
703 3682 758 3746 111.
774 3679 912 3744 formam
1372 3695 1525 3756 sacerdos

168 3778 338 3844 aoeednut.
1038 3785 1236 3865 obloquitur
1254 3791 1401 3852 numeris
1414 3807 1535 3874 septem
1550 3799 1713 3865 discrimi-

229 3879 328 3942 Nnmi
356 3893 431 3942 sunt
460 3879 581 3944 funesti
609 3883 757 3945 Romano
787 3882 911 3945 nomini
1372 3912 1564 3976 numum,

169 3981 364 4065 argumenti.
408 3975 586 4060 ductores,
621 3984 675 4068 qui
697 3983 837 4047 Neronis
858 4003 914 4046 res
1034 3984 1169 4063 Iamque
1189 3987 1303 4051 eudem
1325 3991 1460 4073 digitis,
1485 3997 1556 4073 jum
1582 4006 1713 4084 pectine

166 4097 274 4168 gestas
298 4081 521 4167 descripsere,
551 4083 676 4168 copiosi
695 4099 769 4148 sunt
788 4085 822 4148 in
845 4105 912 4148 mc·
1363 4094 1480 4174 pulset
1494 4099 1627 4165 eburno.

166 4184 321 4249 morandn
357 4183 428 4264 ejus
466 4183 602 4261 insania,
649 4207 710 4269 qun
746 4185 775 4249 is
810 4183 912 4261 vo'ce,
970 4184 1067 4269 Apud
1095 4185 1268 4250 Aelianum
1282 4194 1322 4274 111)
1357 4193 1473 4259 infelix
1504 4200 1712 4267 citharoedus

167 4300 280 4364 cantu,
310 4285 434 4348 cithara
451 4285 618 4350 excellere
640 4307 752 4350 omnes
769 4287 912 4350 omnium
962 4273 1046 4349 'cum
1069 4287 1138 4370 ipen
1161 4291 1243 4355 stola
1268 4295 1336 4378 (cvr
1358 4293 1434 4382 lurp
1447 4302 1539 4383 sulp)
1562 4301 1603 4364 ad
1623 4325 1711 4368 aram

162 4443 1704 4481 ····-··-··-—·-·-·-·-—·—-——-—-—-—--..

202 4527 233 4596 a)
251 4525 314 4582 lani
331 4525 431 4600 templ.
446 4537 566 4584 reserat.
583 4527 708 4586 Sectll.
727 4547 790 4604 rap.
803 4540 824 4586 t.
841 4529 867 4596 ᾗ.
879 4537 911 4594 5,
931 4539 960 4584 et
976 4527 1117 4588 Sect.1V.
1132 4543 1194 4595 ⁰·5·
1208 4534 1269 4603 §.a
1342 4532 1378 4605 b)
1396 4534 1428 4591 L,
1440 4533 1462 4592 Ι,
1478 4557 1503 4594 0,
1514 4551 1554 4612 ¹9·
1630 4545 1661 4614 c)
1681 4545 1711 4600 3„

165 4617 338 4690 lupen.
421 4615 456 4686 d)
477 4617 606 4691 Capto.
689 4617 720 4688 e)
740 4613 821 4691 apud
832 4615 952 4672 lucian.
971 4615 1002 4672 in
1016 4617 1144 4676 Nerone.
1222 4619 1446 4690 oscetetc.
1529 4633 1562 4702 g)
1583 4631 1709 4706 calm·

166 4715 327 4766 consur.
394 4704 428 4778 h)
448 4703 564 4762 butt.
579 4717 632 4770 ro,
653 4717 681 4762 er
698 4703 800 4764 extu.
815 4713 841 4768 a.
855 4717 882 4778 9.
948 4704 973 4776 i)
993 4705 1214 4768 nnu.xtv.rt.
1283 4707 1316 4780 tr)
1338 4710 1464 4787 capas.
1532 4713 1558 4787 ι)
1576 4719 1710 4782 Aent't.

164 4800 229 4856 bri.
304 4793 347 4864 m)
368 4791 560 4854 V.tt.1..ttt.
578 4803 657 4857 eto.
1044 4797 1047 4806 '

1334 4889 1467 4951 bime
