4267 5500
445 564 496 638 ,0
1023 542 1074 617 m
1107 540 1427 619 aurumve

453 710 537 803 erg‘o
557 718 737 801 proipere,
764 727 860 781 utet
878 714 952 778 boc
966 712 1200 799 perstringam,
1257 714 1345 779 teria
1359 711 1513 797 Lugduni
1533 724 1673 790 eventu,
1702 725 1738 775 et
1762 734 1781 775 a
1806 733 1841 777 ee
1865 712 1974 795 peritur

359 900 361 903 ¹
452 821 575 887 eodem
598 821 674 883 loco
696 818 799 897 edixit
816 815 1026 897 Vaillrntiua,
1052 818 1201 883 a.Seue·
1257 817 1366 881 alieno
1386 815 1528 893 ducere,
1554 828 1590 880 et
1609 835 1675 877 nou
1698 813 1820 898 potina,
1845 813 1925 900 quod
1941 814 1974 878 ad
2083 886 2087 892 ι

454 934 493 987 ea
512 921 617 987 citatio
640 942 740 1006 cupra
763 919 894 985 verbio:
930 921 1042 982 Marci
1060 922 1202 981 inuniri·
1258 941 1318 983 eoa
1344 918 1520 1004 pertinuit,
1550 940 1570 980 a
1597 918 1748 981 coloniae
1777 936 1851 980 onae
1875 917 1975 993 natali,

450 1046 525 1108 pem
549 1027 659 1102 vides,
693 1042 760 1086 non
785 1020 927 1105 intelligi
952 1022 999 1084 bl.
1022 1020 1201 1083 Antonium
1257 1020 1347 1107 quod
1364 1019 1489 1085 -fecere
1522 1016 1722 1103 Siropeuaee
1743 1018 1978 1104 Paphlagoniae,

453 1124 628 1207 Illviruru,
651 1124 711 1186 sed
727 1126 774 1189 Μ.
792 1122 927 1185 Antonii
943 1134 1088 1205 patrem,
1111 1140 1206 1205 prae·
1259 1122 1520 1197 Vimieuclemer
1541 1123 1707 1199 Moeriae,
1730 1135 1765 1186 et
1784 1120 1978 1207 provinciales

451 1241 583 1291 tensum
608 1228 735 1291 scilicet
762 1224 888 1289 Manilii
914 1236 1204 1307 provocatorem,
1259 1225 1393 1293 Daciae.
1428 1222 1619 1299 Verisimile
1650 1222 1759 1288 rideri
1778 1222 1892 1307 poerit,
1918 1242 1978 1285 cnm

452 1329 545 1414 quod
560 1350 637 1393 eum
655 1349 695 1393 ea
710 1338 903 1410 tempestate
922 1324 1023 1387 fuisse
1042 1326 1079 1385 iu
1097 1324 1204 1389 Gallia
1259 1342 1296 1394 et
1313 1324 1510 1413 epigraphe,
1532 1339 1567 1389 et
1586 1339 1680 1410 typar
1699 1325 1743 1389 ad
1761 1346 1857 1389 uuum
1875 1325 1914 1389 bi.
1928 1323 1981 1385 dn·

442 1429 546 1499 ‚nulla
571 1442 663 1493 certa
683 1428 749 1493 lide
772 1440 910 1491 constat.
945 1424 998 1489 Ad
1022 1428 1106 1492 haec
1128 1446 1204 1498 eum
1259 1432 1386 1495 conium
1419 1428 1627 1512 pertineant,
1664 1430 1728 1512 ipai
1763 1449 1844 1497 rere
1871 1424 1981 1519 bagda-

456 1531 585 1593 Seneca
610 1531 682 1593 aolo
705 1528 917 1613 praenomine
937 1530 1052 1591 Marri
1077 1540 1204 1603 utatur,
1260 1553 1381 1596 neneee
1412 1546 1538 1595 tautum
1568 1530 1745 1595 debuerint
1774 1529 1924 1606 Antonio,
1956 1542 1983 1587 ut

455 1651 594 1697 uceeere
610 1644 676 1709 eet,
704 1649 746 1693 eo
769 1628 913 1714 intelligi
931 1630 1039 1697 virum
1061 1629 1206 1714 aliquem
1262 1634 1360 1697 etiam
1377 1635 1495 1697 Marci
1515 1636 1698 1716 municipes
1715 1632 1916 1707 dicerentur,
1934 1629 1983 1692 hor

457 1754 499 1799 er
533 1731 759 1797 illurtriaaimie
793 1753 915 1814 uuum,
953 1752 1048 1817 quam
1073 1730 1205 1794 laudem
1263 1736 1361 1800 etium
1385 1754 1543 1798 annorum
1562 1754 1718 1797 numeres
1739 1732 1864 1819 aliquid
1882 1730 1920 1794 ad
1933 1730 1985 1791 ln·

418 1920 423 1923 -
457 1834 568 1898 multi·
595 1856 673 1898 rane
689 1832 792 1899 cancie
810 1828 951 1897 emeruit
970 1833 1133 1896 Antoniou
1147 1835 1207 1896 111-
1262 1836 1387 1899 toniu'm
1407 1834 1579 1920 pertinens
1599 1820 1757 1901 indicare.
1793 1832 1888 1928 Quod
1905 1833 1930 1895 ri
1947 1852 1986 1893 ee·

457 1936 528 2013 rir,
558 1950 590 2000 at
607 1938 750 2001 omnium
767 1934 901 1999 minime
916 1936 1079 1998 Antonius
1094 1948 1204 2018 pater,

456 2060 558 2124 quem
583 2038 798 2115 ffieaolutum,
826 2036 1018 2121 prodigum,
1052 2036 1205 2120 ignarum

458 2138 638 2222 rcriptores
684 2136 895 2223 perhibuere.
939 2137 1066 2203 Eodem
1106 2138 1206 2202 modo

459 2241 558 2305 etiam
575 2243 622 2305 M.
642 2239 813 2301 Aurelium
826 2240 1009 2322 Augustum
1025 2241 1206 2324 scripturae

460 2362 559 2426 erepe
572 2338 890 2403 uuoldarcinornine
901 2340 1100 2408 indicavere.
1118 2341 1207 2425 Ope·

459 2463 516 2506 rae
536 2442 678 2524 pretium
701 2441 812 2523 putari
832 2441 908 2505 ltuie
923 2444 1105 2507 sententiae
1120 2444 1210 2507 refu·

460 2542 576 2609 landae
588 2542 707 2606 diutine
721 2541 904 2620 immorari,
917 2545 1005 2627 quod
1018 2566 1094 2609 eam·
1103 2544 1144 2609 ab
1161 2544 1208 2628 ip·

460 2666 497 2708 eo
524 2644 621 2709 etiam
636 2645 863 2727 Haveroampe
883 2644 1065 2711 liberaliter
1087 2646 1208 2710 collau·

1263 1953 1315 2002 ret
1335 1937 1541 2021 exemplum,
1563 1936 1654 2021 ejua,
1672 1936 1769 2021 cujua
1790 1956 1919 2013 nomen,
1942 1944 1987 1997 aut

1263 2040 1409 2123 effigiem
1431 2040 1580 2122 praefert
1598 2060 1731 2118 namur,
1759 2034 1987 2103 commemorari

1264 2142 1362 2205 etiam
1383 2154 1541 2218 aetatem,
1564 2141 1757 2217 crederem,
1780 2140 1850 2217 bia,
1875 2138 1914 2201 de
1932 2135 1988 2221 qui·

1263 2243 1325 2305 bue
1353 2243 1496 2325 agimus,
1521 2242 1609 2305 notia
1636 2241 1775 2305 indicari
1796 2240 1923 2303 Antonii
1947 2260 1990 2301 an·

1264 2364 1325 2406 noe
1361 2345 1458 2409 vitoe.
1502 2347 1606 2407 Teste
1639 2344 1822 2407 Plutarcho
1851 2339 1990 2405 Antonine

1264 2466 1349 2508 runo
1374 2446 1416 2513 V.
1435 2446 1472 2513 C.
1490 2454 1573 2527 724,
1597 2466 1664 2529 quo
1688 2458 1831 2509 mortem
1852 2443 1911 2507 eibi
1929 2463 1991 2504 con·

1265 2547 1378 2623 reicit,
1417 2568 1459 2610 ex
1487 2548 1722 2609 nonnullorum
1749 2546 1908 2611 rememir
1934 2541 1991 2626 epit

1265 2670 1383 2711 annum
1400 2650 1488 2714 Lm.
1509 2650 1538 2731 ¹)
1562 2669 1646 2732 ergo
1667 2649 1695 2711 ie
1717 2669 1804 2713 anuo
1819 2651 1861 2717 V.
1879 2649 1912 2711 C.
1930 2666 1991 2724 7¹¹,
2085 2723 2086 2726 Ἴ

458 2746 598 2826 datum‚.
625 2765 840 2829 erroremque
871 2746 955 2810 uduo
984 2749 1080 2831 hujus
1109 2745 1208 2811 etiam
1265 2771 1331 2835 quo
1352 2751 1426 2814 sere
1448 2764 1599 2835 tempore
1620 2749 1655 2812 id
1677 2772 1783 2837 genua
1800 2746 1991 2816 numeeieri·
2085 2802 2087 2837 Ι

459 2849 652 2914 auctoritate
667 2862 881 2930 propagatum
894 2847 1006 2914 rideo.
1137 2911 1144 2920 ,
1264 2852 1296 2917 ri
1312 2865 1448 2936 coeptos
1462 2851 1617 2931 dirimat,
1632 2876 1751 2916 aunum
1766 2854 1917 2936 egitXL.
1936 2848 1992 2912 Sed
2085 2896 2087 2947 i

462 3001 465 3010 Α
522 2949 705 3034 Proffigata
721 2949 786 3013 bac
807 2951 967 3016 contemtu
989 2950 1092 3014 nolim
1114 2973 1133 3014 a
1153 2971 1207 3014 me
1265 2975 1396 3017 nuruum
1422 2976 1441 3016 a
1465 2953 1591 3031 tabula,
1622 2975 1665 3016 ne
1694 2957 1885 3040 conjectura
1906 2971 1993 3036 utque
2085 2958 2087 3041 j

456 3051 535 3136 -quir
565 3052 729 3136 requirat,
769 3065 804 3114 ut
833 3055 1021 3116 certiorem*
1042 3053 1137 3116 aliam
1165 3051 1208 3116 de
1266 3076 1325 3132 eo,
1345 3055 1433 3141 quod
1448 3056 1593 3120 libenter·
1608 3055 1732 3134 fateor,
1749 3056 1894 3122 inuelem
1909 3056 1995 3118 inae·
2085 3060 2087 3075 '

455 3175 557 3218 causa
573 3153 764 3217 constitutae
784 3175 879 3217 aerae
894 3155 1056 3239 adieram,
1081 3153 1210 3238 quando
1240 3239 1243 3247 1
1268 3158 1320 3242 gri
1339 3157 1472 3221 comniia
1487 3171 1639 3242 putetur,
1660 3158 1812 3239 tametsi,
1835 3160 1865 3224 ei
1883 3156 1953 3245 quid
1966 3156 1995 3216 in
2085 3217 2087 3232 ,

459 3253 560 3336 liujus
597 3253 717 3314 indolis
751 3254 873 3317 nullam
910 3255 1118 3337 cuppeditunt
1155 3273 1212 3320 re·
1268 3281 1308 3324 ea
1333 3258 1482 3324 videatur
1511 3259 1662 3339 abeundi,
1696 3261 1786 3324 tueri
1814 3283 1868 3326 me
1889 3258 1995 3344 poesim
2085 3293 2087 3341 !

461 3367 572 3416 terum
595 3345 813 3416 monumenta.
859 3353 947 3445 Quid
969 3353 995 3416 si
1017 3355 1057 3419 A.
1078 3355 1148 3416 XL·
1166 3389 1210 3405 -
1246 3361 1459 3444 'auctoritate
1472 3360 1649 3438 Frolichii,
1666 3360 1810 3425 similem
1826 3361 1998 3448 explicatio·

464 3457 505 3520 Δ.
523 3455 607 3515 xut-
628 3453 713 3517 aliud
732 3459 858 3530 errent,
887 3475 983 3538 quum
1003 3452 1092 3538 quod
1108 3457 1210 3539 vulgo
1266 3482 1344 3526 nem
1364 3461 1406 3526 ad
1428 3483 1545 3529 numne
1563 3463 1798 3548 Pythodoridiu
1811 3463 1908 3529 Ponti
1924 3459 1998 3549 regi·
2085 3492 2087 3539 f

465 3556 649 3630 credimur,
667 3555 812 3638 epochae
828 3557 1081 3640 argumentum?
1099 3558 1213 3621 Enim·
1267 3585 1330 3628 nae
1348 3562 1513 3630 tentantia.
2085 3570 2086 3573 ’

462 3681 547 3724 vero
570 3660 689 3722 mirum
713 3657 880 3736 videatur,
910 3657 1126 3742 Lugdunum,
1154 3681 1213 3745 op·

464 3763 595 3846 pidum,
627 3773 797 3844 antequam
820 3759 950 3824 colonia
971 3759 1211 3840 deduceretur,

464 3865 513 3927 ric
534 3863 726 3937 obscurum,
745 3876 781 3924 ut
793 3863 865 3946 ejua
881 3883 923 3924 ne
936 3863 1129 3928 *meminerit
1143 3863 1212 3948 qui·

462 3965 542 4029 dem
563 3966 598 4026 in
622 3963 864 4027 commentariir
889 3964 955 4028 ruia
980 3967 1117 4043 Caeam,
1158 3985 1211 4028 re·

464 4065 592 4150 periere
615 4065 651 4125 in
667 4085 726 4127 aaa
747 4078 895 4146 egestate
913 4065 1048 4150 dignum
1070 4067 1211 4154 aliquid,

1449 3805 1634 3887 V00r712.
1657 3806 1704 3870 A.
1719 3806 1765 3870 X.
1782 3815 1837 3882 [γι.

1361 3905 1512 3972 [117Ῑᾶ.
1530 3906 1571 3968 Ii.
1593 3907 1629 3969 P.
1647 3906 1684 3970 0.
1708 3908 1805 3974 008.
1817 3909 1921 3973 [MP.

1330 4069 1404 4136 Vna
1428 4091 1502 4136 omn
1522 4071 1703 4140 Octaviano
1717 4075 1861 4139 Brutum
1882 4089 1916 4140 et
1933 4075 2000 4139 cao

466 4167 562 4248 unde
573 4165 732 4251 epoelaam
751 4165 906 4245 duceret,
932 4165 1070 4254 eamque
1089 4189 1209 4234 eruere
1268 4168 1350 4236 rium
1368 4173 1454 4258 apud
1470 4175 1641 4261 Philippos
1658 4176 1768 4243 uincit.

465 4267 550 4336 adeo
574 4268 809 4353 promulgaret.
837 4268 958 4332 Mirum
982 4271 1080 4334 etiam
1102 4271 1213 4337 ridea-
1349 4345 1352 4350 ,

467 4382 541 4448 tur,
580 4391 684 4436 novoe
715 4369 852 4434 colonor
883 4389 924 4434 er
953 4369 1057 4438 vicina
1083 4373 1213 4442 Vienna

465 4471 533 4535 buc
554 4471 724 4550 adrectos,
745 4485 790 4548 ‚ut
817 4469 940 4536 direne
968 4485 1107 4538 tentetur
1129 4475 1213 4549 Dic,

470 4573 622 4638 maluinno
637 4573 795 4658 epocliam
814 4595 856 4638 er
875 4573 1013 4660 ignobili
1030 4576 1140 4662 aliquo
1157 4595 1214 4639 re·

1570 4358 1714 4424 Numi:

1404 4479 1441 4540 C.
1451 4477 1688 4548 ANTONlVS.
1698 4483 1744 4546 bi.
1758 4481 1796 4546 F.
1804 4481 1907 4548 PRO.
1916 4482 2002 4547 COS.

1407 4583 1562 4644 merome
1592 4584 1764 4646 muliebris
1790 4585 1884 4666 pileo
1912 4596 2005 4648 tectu.

508 4798 540 4869 a)
559 4793 593 4852 ln
606 4799 712 4856 Aulon.
731 4819 799 4876 pag.
809 4809 873 4872 955.
