4267 5500
421 567 495 686 ‘rip⁴
937 551 1171 631 DRVSVS
1204 535 1437 682 Suutou

421 731 518 806 bros,
548 709 750 802 Cheruscos,
779 706 905 788 frisios
930 730 1047 809 partim
1068 709 1163 788 eo'er·
1217 724 1273 788 nio
1298 723 1418 787 dictum
1442 721 1613 789 Cacumen
1636 713 1847 798 adsererent,
1871 709 1964 804 quod

419 834 503 906 cuit,
542 829 659 914 partim
690 827 820 890 servire
851 826 1007 888 Romania
1038 826 1159 910 coegit.
1216 823 1429 886 refutabimus
1445 822 1480 884 in
1495 823 1601 886 numia
1615 823 1716 884 Drusi
1728 821 1877 906 junioris.

419 920 524 994 Trans
551 929 704 990 Rhenum
731 928 849 990 fossam
878 927 1029 990 immensi
1049 927 1159 1010 operis
1279 925 1388 989 onr:
1408 925 1564 986 Antonin
1581 929 1710 1002 minor,
1726 924 1767 986 de
1785 945 1851 1007 qua
1865 921 1963 997 infr-a.

416 1033 549 1096 adeum
578 1027 770 1092 frenandum
792 1028 952 1111 perfecit,
977 1049 1058 1109 quac
1080 1027 1160 1090 Sue·
1278 1023 1393 1087 Liberi
1409 1023 1624 1087 Germanicus
1642 1025 1775 1100 Caesar,
1799 1027 1967 1088 Claudius

416 1133 498 1196 tonii
514 1131 619 1195 adhuc
636 1143 742 1191 aetate
760 1131 910 1192 Drusina
930 1128 1015 1190 dictu
1033 1141 1101 1204 cst,
1126 1139 1161 1192 et
1218 1125 1356 1190 subinde
1378 1124 1560 1208 Augustus,
1591 1127 1707 1203 Licin,
1734 1146 1794 1188 aen
1815 1125 1967 1200 Liuilla,

416 1231 582 1316 hodieque
628 1252 701 1294 cnm
737 1229 960 1321 'admiratione
1001 1227 1161 1312 conspici·
1218 1249 1312 1313 quam
1334 1247 1431 1310 supra
1445 1240 1576 1310 nuptam
1602 1226 1637 1291 C.
1648 1225 1781 1289 Caesari
1800 1225 1967 1302 vidimus,

417 1349 471 1397 tur
492 1340 534 1415 ι).
584 1333 625 1398 V.
642 1333 678 1395 C.
704 1333 768 1412 745
800 1331 881 1392 inito
910 1331 1078 1393 consulatu
1089 1329 1161 1392 tre·
1218 1341 1252 1392 et
1273 1340 1406 1409 nuptam
1429 1327 1514 1391 inira
1539 1330 1650 1394 Druso
1674 1326 1808 1393 Caesari
1825 1325 1967 1391 Tiiilio

415 1457 488 1496 rum
514 1435 547 1495 in
564 1433 770 1496 Germaniam
795 1430 963 1513 proiectus
989 1429 1031 1493 ad
1050 1428 1161 1490 Albim
1217 1430 1409 1502 videbitnus.

415 1553 519 1620 usque
556 1535 680 1616 primus
708 1535 928 1594 Romanorum
957 1530 1159 1614 penetrarit,

416 1649 514 1719 atque
550 1634 646 1697 etiarn
676 1633 760 1695 ultra
791 1633 877 1696 hune
913 1654 1001 1698 arma
1027 1651 1160 1715 promo-

415 1737 532 1812 risset,
567 1737 631 1800 nisi
660 1733 754 1797 obvia
782 1735 813 1796 ei
843 1735 969 1816 species
1000 1732 1157 1795 barbarae

415 1835 562 1898 mulieris
580 1839 717 1899 humana
730 1837 833 1917 major
848 1837 931 1897 ultra
946 1835 1100 1918 proferre
1118 1833 1159 1894 ai·
1357 1835 1492 1900 NERO.
1518 1833 1750 1902 CLAVDWS.
1772 1833 1968 1908 DRVSVS,

415 1957 478 2023 gna
493 1941 610 2000 Latino
626 1957 779 2000 sermone
796 1936 1016 2018 prohibuisset
1030 1934 1074 2015 b).
1097 1937 1162 1997 Re·
1354 1935 1746 2004 Gunututcvssuff.
1759 1936 1867 2017 Caput
1876 1937 1973 2000 Dras-

416 2031 516 2104 dessit
528 2039 646 2123 igitur,
668 2051 900 2119 contractoque
918 2037 1060 2119 puriter
1078 2055 1164 2098 mor·
1354 2043 1387 2103 si
1405 2040 1592 2100 inresectum
1603 2081 1615 2113 ,
1628 2039 1665 2100 s'n
1682 2037 1764 2099 aliis
1784 2039 1923 2102 nudum.

414 2143 479 2218 bo,
507 2155 677 2224 antequam
702 2139 743 2199 ad
769 2139 921 2200 Rhenum
948 2138 1157 2221 perveniret,
1215 2137 1287 2204 DE.
1318 2135 1557 2202 GERMANI&
1608 2139 1723 2200 Arma
1758 2135 1967 2200 Germanica

417 2241 595 2303 exstinctus
610 2239 704 2301 estin
722 2239 895 2320 complexu
906 2239 1034 2300 'riberii
1048 2237 1158 2300 audito
1215 2243 1415 2303 decussatim
1431 2244 1554 2324 positu.
1577 2239 1646 2306 AV.
1667 2239 1739 2300 AR.

416 2341 526 2404 fratria
558 2340 706 2421 periculo
740 2339 932 2422 tempestive
960 2337 1090 2404 advecti
1114 2343 1156 2418 ε).
1244 2361 1248 2369 ·
1278 2341 1332 2403 Dc
1362 2339 1506 2403 Neronis
1534 2337 1746 2425 praenomine
1770 2336 1808 2401 iu
1829 2341 1966 2424 synopsi

1512 1665 1655 1732 Numt's

308 2455 311 2458 ’
416 2440 529 2504 Liuius
548 2452 710 2500 mortuum
729 2439 843 2502 scribit
859 2459 944 2523 equo
963 2461 1061 2522 supra
1083 2447 1157 2502 orus
1217 2440 1302 2508 ritae
1318 2440 1454 2522 egimus.
1482 2439 1675 2504 Germanici
1692 2460 1877 2525 cognomen
1895 2440 1962 2525 ipsi

417 2541 563 2622 collapso
587 2537 631 2620 d).
674 2539 754 2621 Ejus
784 2553 873 2600 mor's
906 2541 940 2601 in
961 2539 1158 2602 Ralendario
1214 2555 1463 2626 postmortem,
1486 2541 1631 2628 adipson
1653 2541 1750 2604 etiam
1767 2541 1875 2616 filios,
1903 2561 1964 2626 po·

416 2640 587 2702 Antiatino.
611 2639 723 2723 figitur
739 2640 781 2702 ad
799 2640 888 2701 diem
907 2641 994 2707 x-tv.
1012 2642 1164 2723 Septem·
1216 2657 1387 2726 steroaque
1405 2641 1666 2725 propagandum,
1690 2642 1830 2706 inditum
1844 2641 1907 2704 fuit
1927 2641 1963 2730 ἢ,

416 2743 498 2805 bris.
538 2743 649 2805 Funus
673 2743 808 2804 Romam
830 2742 1010 2825 perlatum,
1039 2757 1073 2804 et
1094 2742 1160 2803 lau·
1217 2760 1252 2809 et
1268 2745 1437 2809 confirmat
1455 2743 1550 2807 Pedo
1564 2741 1618 2828 k)r

420 2843 568 2905 dantibus
586 2844 718 2927 publice
734 2841 868 2905 Tiberio
887 2858 921 2906 et
942 2846 1089 2927 Augusto
1107 2863 1159 2905 re·
1287 2846 1547 2927 Gaudebuutoue
1581 2834 1662 2909 suae
1693 2850 1813 2907 meritc
1845 2866 1961 2928 cogno·

418 2945 538 3029 liquiae
555 2946 586 3005 in
604 2944 740 3028 Augusti
754 2947 907 3027 sepulcro
923 2944 1073 3007 conditae
1086 2958 1159 3006 sunt
1655 2948 1744 3008 ruine
1759 2950 1882 3029 gentis.

338 3122 343 3127 ,
418 3048 505 3109 iuter
527 3049 663 3110 collatos
684 3046 865 3107 liberaliter
885 3046 1029 3109 bonores
1050 3059 1159 3129 postu·
1196 3049 1264 3109 -Et
1282 3046 1420 3111 Ovidius
1447 3046 1493 3129 ¹):

422 3170 511 3221 mos,
558 3168 638 3230 quos
668 3146 702 3207 in
733 3147 803 3229 ejus
831 3147 937 3208 nuruis
965 3166 1162 3210 commemo·
1282 3148 1677 3227 Etmortim‚etnomen
1696 3149 1809 3211 Druso
1831 3147 1970 3211 Germa·

421 3248 501 3310 rabo
523 3248 563 3327 e).
600 3246 676 3307 Fuit
697 3248 844 3329 Augusto
865 3246 908 3307 ob
931 3248 1103 3324 virtutem,
1125 3267 1162 3309 ao
1322 3324 1335 3345 N
1649 3250 1816 3330 niufcc's't.

422 3367 532 3409 mores
550 3347 698 3429 integros
717 3346 834 3407 eximie
860 3348 1035 3430 probatus,
1062 3350 1109 3412 sic
1127 3362 1163 3411 ut
1219 3348 1381 3433 Adjicitur
1408 3348 1519 3413 tituins
1547 3351 1788 3427 metatoris,
1819 3363 1958 3416 testante

422 3448 456 3508 in
477 3445 635 3509 concione
660 3446 730 3529 ejus
751 3445 882 3508 funebri
907 3446 987 3535 deos
1013 3468 1166 3533 precare·
1218 3452 1353 3524 Tacito,
1381 3450 1420 3514 ab
1440 3453 1590 3535 Augusto
1609 3452 1755 3513 Drusum
1778 3450 1964 3535 privignum

420 3564 485 3625 tur,
501 3550 626 3611 similes
639 3549 671 3610 ei
686 3550 843 3612 caesares
856 3570 936 3612 suos
936 3551 1105 3630 facerent,
1120 3554 1163 3612 si·
1218 3550 1425 3636 imperatoris
1446 3552 1578 3615 nomine
1601 3566 1750 3615 ornatum
1769 3559 1819 3633 ¹¹¹).
1854 3555 1963 3637 Atque

326 3683 329 3688 ⁴
416 3653 518 3730 'bique
542 3662 611 3710 tem
632 3648 805 3711 honestum
822 3652 1017 3728 quandoque
1033 3655 1162 3712 exitum
1218 3652 1283 3717 hoc
1298 3654 1384 3717 forte
1403 3654 1498 3717 titulo
1516 3654 1587 3734 ejus
1603 3668 1699 3737 caput
1714 3674 1837 3719 corona
1852 3654 1965 3719 laurea

422 3754 551 3825 darent,
570 3770 668 3828 quarn
687 3750 745 3811 itta·
759 3752 925 3813 dedissent
949 3748 987 3835 ί).
1009 3747 1162 3819 Valerius
1220 3755 1379 3839 cingitur,
1415 3766 1452 3817 ur
1479 3755 1661 3820 notabimus
1690 3755 1724 3817 in
1756 3768 1892 3819 tracmu
1921 3754 1964 3835 de

416 3852 582 3914 'Maximus
607 3846 676 3930 ciris
703 3851 948 3929 continentiam,
977 3866 1011 3914 et
1031 3854 1065 3913 iu
1088 3872 1161 3917 con·
1220 3858 1310 3920 cultu
1331 3856 1443 3940 capitis
1465 3859 1696 3945 Augustorum.
1741 3858 1822 3921 Pars
1849 3876 1965 3921 aversa

424 3954 534 4035 jugem
569 3950 669 4013 iidem
698 3951 860 4014 cumulate
891 3953 1097 4018 commendat
1121 3957 1161 4037 t).
1220 3959 1291 4043 ejus
1306 3958 1347 4021 de
1363 3958 1533 4024 Germanis
1547 3956 1716 4035 victorias,
1732 3971 1772 4021 ut
1785 3970 1959 4043 aequemes

424 4052 503 4117 Erat
518 4052 615 4115 etiam
630 4054 752 4135 populo
770 4053 909 4135 jucunda
926 4058 996 4140 ejus
1010 4055 1165 4120 recorda·
1220 4060 1276 4125 alii
1290 4060 1358 4145 typi
1375 4080 1505 4135 omnes,
1521 4058 1739 4143 depraedicat.

425 4156 488 4231 tio,
518 4174 592 4217 nam
614 4153 828 4231 credebatur,
855 4160 884 4217 si
906 4178 1019 4221 rerum
1043 4156 1165 4242 potitus
1583 4160 1602 4195 ⁴¹

394 4272 399 4277 ·
425 4257 528 4333 foret,
553 4252 738 4318 libertatern
754 4256 943 4321 reatuum
965 4256 1011 4342 h).
1038 4262 1166 4337 Fuere,
1318 4305 1325 4318 ,
1358 4208 1654 4327 Eruendadversa.
1687 4205 1708 4245 ὗ

427 4358 482 4442 qui
498 4358 642 4420 Drusum
664 4357 752 4421 hune
771 4378 813 4421 ex
828 4380 1001 4421 numerum
1015 4363 1168 4428 'testimo-
1221 4364 1296 4432 Du.
1312 4362 1450 4428 Genu.
1465 4364 1534 4426 ccl:
1556 4364 1628 4425 DE.
1646 4362 1890 4441 Genusum,
1912 4367 1971 4427 in·

468 4516 499 4585 a)
518 4512 598 4570 Suet.
614 4512 690 4569 ibid.
708 4510 803 4569 Tacit.
819 4512 894 4569 nist.
909 4513 1029 4571 LXIII.
1046 4526 1126 4581 e.53.
1216 4517 1252 4589 b)
1273 4516 1353 4573 Suet.
1368 4512 1389 4571 l.
1400 4532 1425 4570 c.
1443 4512 1500 4569 Dio
1516 4514 1549 4571 1..
1559 4514 1618 4574 LV.
1636 4532 1662 4571 c.
1672 4527 1697 4573 1.
1788 4514 1820 4585 c)
1838 4512 1892 4568 Dio
1906 4510 1925 4567 i.
1936 4532 1972 4570 c.

429 4598 512 4657 Pedo
523 4600 664 4659 Albinov.
677 4600 715 4658 dc
728 4614 824 4660 morte
838 4603 926 4661 Drusi
940 4623 968 4659 v.
978 4613 1023 4677 89.
1098 4604 1225 4683 d)¹Epit.
1239 4606 1271 4663 L.
1283 4604 1368 4663 CXL.
1412 4605 1472 4683 .⁰)
1487 4603 1544 4659 Dio
1557 4602 1589 4659 Ι..
1598 4603 1657 4663 LV.
1671 4606 1698 4675 §.
1708 4616 1731 4663 1.
1746 4614 1772 4665 t.
1842 4602 1867 4673 f)
1882 4600 1972 4659 Suet.

429 4686 448 4743 1.
460 4707 486 4744 c.
558 4692 591 4764 g)
610 4688 642 4746 L.
652 4690 702 4750 IV.
716 4710 742 4748 c.
752 4702 778 4756 3.
851 4690 887 4765 h)
906 4690 987 4750 Suet.
999 4690 1018 4750 l.
1029 4710 1055 4750 c.
1073 4692 1291 4752 Tacitdnul.
1306 4706 1384 4759 αδδ.
1456 4693 1483 4765 i)
1502 4692 1747 4753 Suet.inClaud.
1762 4706 1821 4755 tal.
1838 4690 1894 4749 nia
1907 4689 1926 4749 1.
1938 4710 1974 4751 c.

429 4780 491 4847 Μ·
563 4776 598 4850 lt)
619 4780 656 4836 de
672 4792 764 4839 morte
779 4781 869 4841 Drusi
883 4792 983 4847 rdet.
1053 4781 1080 4857 l)
1099 4782 1209 4845 Fasti·
1225 4794 1287 4860 ⁵97·
1360 4784 1406 4856 tn)
1424 4783 1501 4841 Anu.
1515 4780 1537 4843 1.
1553 4792 1578 4849 3.
