4267 5500
762 617 1139 714 ssovss'vs
1637 665 1705 734 sss
1830 681 1835 701 .·

149 797 265 865 oculus
291 787 472 864 ¹tractandis
497 775 602 864 nirmis
627 799 797 879 adsuetus,
823 816 903 870 eaust
955 808 1127 872 occasione
1149 805 1215 870 diei
1241 811 1319 892 ejus
1334 810 1442 876 festae
1463 812 1605 898 signatos
1628 832 1702 880 tutu

148 901 250 965 dumio
267 887 406 966 differre
426 903 556 980 abilla,
581 923 661 988 quae
680 925 761 1000 opus
778 909 902 972 Roma·
954 909 1015 972 hos
1032 930 1166 986 numos
1189 913 1338 994 atquem
1356 915 1473 999 vulgus
1492 917 1617 984 missos.
1649 919 1711 982 Ad

147 1025 226 1066 num
244 997 402 1068 dontinno
420 1007 504 1069 solet
523 1005 734 1088 distinguere.
759 1009 871 1073 Sane'
862 1031 897 1071 m
954 1008 1041 1074 idem
1057 999 1260 1098 Lugdunum
1270 1013 1450 1080 'verisimile
1466 1025 1515 1080 es't
1534 1012 1713 1126 pertinere*-

147 1126 263 1171 museo
285 1107 448 1170 Caesareo
470 1121 575 1170 exstat
598 1106 632 1167 id
655 1129 758 1190 genus
779 1129 906 1178 numus
955 1111 1202 1203 inscriptibuein
1222 1115 1319 1197 ‹dpud
1344 1121 1599 1181 Mur'utoritsm‘e
1585 1124 1632 1197 l,
1668 1115 1711 1183 ἱιιι

148 1209 367 1294 cumcupite
366 1204 509 1270 Neronis
531 1208 674 1273 fabricae
697 1205 762 1273 tani
783 1211 898 1276 barba·
956 1215 1077 1300 quuC.
1079 1213 1209 1277 Iulius
1216 1217 1335 1278 dicitnr
1360 1218 1604 1286 SACERDOS.
1625 1223 1704 1303 RO-

146 1327 221 1386 rae,
257 1323 293 1372 et
312 1310 422 1372 literis
448 1324 580 1398 auersae
607 1325 671 1374 tam
699 1311 831 1393 hiulcis,
861 1328 898 1378 nt
954 1317 1060 1382 ΜΔΕ.
1089 1313 1165 1381 ET.
1202 1317 1427 1384 AVGVS'ro.
1458 1322 1529 1387 AD:
1564 1325 1703 1390 ARAM.
1791 1388 1794 1394 ,

146 1397 241 1473 nullo
254 1425 357 1494 pecto
368 1391 668 1476 verisimilevideri
684 1417 801 1498 possit,
820 1437 896 1481 eum
955 1418 1091 1511 QVAE.
1117 1419 1214 1485 EST
1241 1416 1313 1484 AD.
1345 1421 1705 1501 CONFLVENTEM,

146 1513 181 1575 in
198 1513 282 1576 urbe
299 1513 408 1576 lucem
427 1513 584 1578 vidisset·
953 1533 1073 1604 nempe
1089 1519 1259 1595 Rhodam
1286 1534 1318 1583 et
1338 1521 1469 1598 Araris,
1492 1523 1581 1605 juxta
1603 1547 1702 1610 quem

209 1615 318 1678 Esse
310 1615 410 1700 agitur
422 1636 538 1678 numos
553 1616 613 1679 hos
629 1637 741 1680 omnes
755 1639 796 1681 ex
812 1617 902 1680 urbe·
953 1621 1036 1684 hanc
1055 1643 1141 1684 aram
1162 1623 1290 1684 stetisse
1307 1643 1348 1683 ex
1368 1622 1529 1688 Strabone
1548 1627 1698 1706 vidimus,

146 1717 370 1792 moliendos,
397 1737 496 1781 nemo
525 1717 627 1780 oresio
655 1719 718 1801 jam
741 1720 896 1803 ambiget«
953 1737 989 1786 ut
1009 1738 1042 1786 et
1062 1722 1225 1785 consentit
1240 1723 1464 1801 Mahnslelius,
1488 1727 1600 1811 quiin
1624 1731 1703 1794 cita·

145 1821 192 1882 At
214 1819 322 1882 minus
346 1833 452 1882 tutum
478 1817 593 1880 urbem
620 1833 781 1896 statuere,
813 1841 896 1904 quae
953 1839 1018 1886 tam
1044 1821 1293 1906 inscriptionem
1315 1826 1407 1908 ponti
1431 1826 1517 1908 apud
1540 1829 1702 1896 Santonon

145 1923 233 1986 haue
260 1942 408 1985 mercem
436 1921 628 2004 parturivit,
660 1943 733 1985 nam
756 1916 897 2003 Augusti
954 1925 1110 1989 insertam
1128 1939 1364 1988 commentatus
1382 1940 1431 1990 est
1446 1928 1490 2009 d).

146 2024 274 2099 cultus,
311 2036 349 2086 nt
379 2025 536 2086 hacteuus
564 2024 679 2088 videre
708 2021 820 2112 licuit,
856 2019 897 2083 ad
1323 2091 1342 2128 „

145 2145 264 2188 omues
291 2125 381 2188 orbis
403 2126 446 2188 R.
470 2125 655 2208 provincias
683 2125 793 2190 valuit.
833 2125 899 2186 Ex·
957 2145 961 2152 ’
1218 2138 1239 2176 *
1426 2142 1446 2178 ⁴·

143 2227 258 2312 pensis
276 2226 426 2290 omnibus
443 2227 541 2291 liceat
560 2227 692 2290 demum
717 2225 906 2309 conjicere,
1020 2229 1133 2292 Aenea·
1145 2227 1175 2290 Ῑ.
1183 2231 1330 2314 surmus.
1352 2229 1439 2291 Sunt
1450 2229 1539 2294 obvii
1554 2251 1630 2296 eum
1645 2253 1705 2296 no·

145 2349 207 2395 eos
224 2329 388 2414 Lugduno
407 2328 532 2392 Galliae
555 2329 678 2393 natales
700 2349 775 2390 suos
797 2326 897 2401 debes
953 2331 1042 2395 mine
1067 2328 1176 2394 Illviri
1202 2329 1395 2408 monetalis,
1429 2332 1477 2395 sic
1509 2346 1546 2395 ut
1575 2333 1610 2395 iu
1639 2357 1704 2397 uua

144 2453 199 2498 re.
228 2431 352 2496 Suadet
375 2429 463 2494 istud
489 2431 560 2514 ejus
585 2431 699 2515 oppidi
723 2431 787 2492 hoc
812 2448 894 2491 aevo
950 2446 1044 2517 parte
1066 2430 1123 2494 sits
1155 2429 1226 2498 OB.
1247 2433 1369 2498 ClVlS.
1390 2433 1626 2502 SERVATOS
1652 2436 1701 2497 in·

148 2533 325 2599 celebritas
343 2553 484 2605 summa,
505 2528 539 2592 in
560 2553 622 2616 qua
639 2533 803 2616 Angustus
820 2529 898 2612 ipss·
950 2549 1001 2598 tre
1028 2554 1204 2621 quernam,
1231 2533 1265 2596 io
1289 2533 1393 2596 altera
1415 2535 1449 2597 S.
1469 2536 1506 2599 G.
1529 2535 1564 2597 in
1588 2536 1700 2601 medio

145 2633 336 2720 complures
373 2653 474 2696 anuos
512 2632 668 2713 substitit,
713 2645 749 2695 ut
767 2641 775 2651 ‘
791 2629 897 2694 turbis·
951 2637 1050 2698 numi.
1072 2639 1111 2697 In
1133 2634 1212 2698 solis
1229 2635 1337 2697 numis
1356 2631 1393 2696 P.
1405 2637 1500 2698 Lusii
1521 2637 1702 2723 Agrippae,

145 2735 352 2804 Germanicis
387 2757 429 2800 ex
468 2735 652 2821 propinquo
688 2732 894 2818 invigilaret,
951 2741 998 2804 Μ.
1014 2737 1160 2802 Maecilii
1175 2735 1280 2814 Tulli,
1308 2751 1342 2799 et
1364 2739 1410 2801 Μ.
1429 2737 1532 2804 Salvii
1555 2739 1700 2805 omanis

146 2861 248 2925 saepe
279 2840 376 2905 etiam
406 2836 580 2915 Tiberius,
612 2858 649 2901 ac
678 2838 824 2912 Drusus,
858 2845 897 2899 ιιι
953 2852 1003 2905 est
1032 2853 1129 2923 capnt
1152 2838 1310 2922 Augusti,
1348 2838 1402 2901 cni
1429 2840 1576 2906 Victoris
1610 2856 1707 2905 retro·

145 2940 273 3009 taceam
298 2939 469 3006 Claudium
486 2940 572 3024 Aug.
595 2940 629 3001 in
651 2940 713 3002 hac
734 2939 818 3003 urbe
840 2959 896 3001 na·
953 2956 1040 3005 stans
1061 2944 1208 3004 lauream
1231 2938 1361 3023 alligat,
1387 2940 1444 3023 qni
1466 2940 1557 3003 numi
1578 2958 1705 3027 specta·

146 3032 236 3109 tum'
259 3044 304 3107 At
322 3064 404 3111 sero
424 3042 599 3128 praecipita
615 3062 711 3105 censa
728 3042 789 3105 hos
807 3042 896 3124 Lug·
952 3051 987 3106 to
1008 3042 1176 3108 volumine
1198 3039 1350 3103 nonnihil
1373 3042 1414 3103 ad
1435 3042 1610 3106 maximnm
1634 3064 1705 3106 ruo·

147 3147 236 3211 duno
258 3166 376 3209 numos
398 3143 564 3207 tribuendi
585 3134 637 3207 est
663 3143 838 3227 conspicua
860 3144 895 3205 iu
953 3144 1064 3206 dolum
1090 3142 1259 3205 accedunt.
1289 3142 1364 3233 Quo
1388 3144 1465 3207 loco
1489 3164 1555 3207 non
1583 3146 1701 3208 inutile
1824 3201 1828 3216 ,

146 3248 200 3311 bis
228 3246 336 3311 numia
367 3246 437 3329 ipsa
462 3246 602 3330 Augusti
617 3262 706 3323 ars,
736 3244 895 3331 peculiari
955 3244 1084 3309 videtur
1115 3243 1398 3320 animadvertere,
1433 3244 1574 3331 demptis
1602 3247 1703 3309 trium

145 3370 222 3415 eum
239 3346 423 3431 religione,
447 3358 481 3410 et
502 3346 680 3412 secundnm
698 3346 894 3410 Strabonem
953 3350 1074 3411 horum
1101 3345 1294 3410 lli'rirorum
1326 3344 1433 3408 numia
1467 3367 1535 3410 non
1573 3343 1703 3411 eiectare

145 3450 247 3515 totius
268 3450 395 3514 Gallius
413 3450 547 3514 nomine
562 3460 770 3526 consecrata,
795 3448 841 3513 sic
859 3460 898 3511 ut
953 3471 1070 3513 numos
1099 3447 1181 3512 alios
1217 3448 1343 3530 primae
1375 3448 1502 3513 formae
1532 3449 1704 3512 commatis

145 3554 237 3632 dies,
266 3572 333 3637 quo
355 3551 438 3615 brec
462 3551 609 3616 solennia
635 3550 895 3635 peragebantur,
953 3552 1134 3616 indubitate
1159 3550 1317 3626 Romani,
1347 3550 1463 3634 quibus
1490 3550 1632 3633 Augusti
1657 3551 1707 3616 ri·

144 3655 178 3717 in
196 3667 395 3741 perpetuum
409 3653 514 3718 festus
532 3666 633 3731 esset,
655 3652 711 3739 qui
730 3672 801 3715 mos
817 3650 898 3715 Dio*
953 3656 988 3721 vi
1016 3665 1114 3740 caput
1137 3652 1296 3715 insertum
1318 3664 1423 3727 esset,
1447 3651 1594 3736 quamvis
1617 3652 1707 3713 illud

144 3756 197 3819 uis
223 3750 438 3821 adhaesero
464 3754 613 3820 obtinuit.
647 3753 700 3816 Ad
725 3774 797 3817 eam
819 3753 896 3819 vito
953 3757 988 3819 in
1005 3755 1112 3820 nomis
1129 3758 1170 3819 11.
1187 3753 1313 3815 formae
1333 3753 1376 3815 sit
1394 3752 1543 3826 obrium3
1565 3752 1703 3834 aiebam,

146 3858 256 3921 edisne
273 3859 424 3943 Augusto
445 3857 637 3922 convenisse
653 3856 824 3942 quotannis
845 3876 900 3920 eo·
954 3858 1096 3942 Augusti
1120 3854 1205 3934 vivi3
1237 3847 1312 3917 nim
1333 3848 1372 3917 i'n'
1398 3854 1504 3917 sumis
1526 3856 1551 3919 l.
1575 3854 1701 3919 termae

145 3960 223 4024 dem
249 3956 304 4023 die
324 3958 412 4025 lesto
429 3956 554 4023 Galliac
573 3960 736 4043 primores
760 3957 801 4021 ad
823 3979 899 4023 cous
954 3980 1029 4024 cum
1057 3955 1238 4043 epigraphe
1257 3952 1402 4043 DWVS.
1427 3954 1661 4025 svssvsuvs
1685 3982 1703 4021 a

143 4058 298 4147 cipienda
313 4064 407 4141 ro'ta,
429 4063 546 4127 eodem
560 4061 762 4127 loconarrat
776 4061 841 4124 Dio
858 4061 897 4142 Ιι).
954 4062 1066 4125 Nerva
1092 4051 1269 4134 restitutis,
1300 4058 1396 4141 cujus
1419 4072 1526 4121 tamen
1555 4060 1703 4141 archety-

142 4166 264 4252 Neque
295 4166 412 4231 deerat
438 4164 514 4229 urbi
544 4162 677 4229 cilicina
700 4163 880 4227 monetaria
887 4186 904 4244 3⁴
954 4184 1020 4250 pon
1043 4155 1280 4237 desideratur,
1295 4160 1434 4244 Augusti
1455 4173 1552 4244 eaput
1574 4175 1625 4225 est
1647 4160 1704 4223 ob·

141 4290 217 4333 nasu
239 4264 326 4335 teste
352 4268 513 4333 Strabone
540 4267 572 4349 ι3)
588 4264 810 4352 'apraei'eotis
832 4264 897 4329 Ro·
955 4266 1063 4331 rinm.·
1088 4261 1163 4327 Non
1189 4261 1242 4325 hic
1270 4282 1384 4327 moror
1404 4282 1522 4325 numos
1543 4262 1638 4338 iilos,
1669 4262 1704 4322 in

143 4372 249 4435 mauis
267 4367 368 4437 sures
382 4368 497 4446 ibi,‘et
516 4382 673 4453 argentea
695 4378 825 4431 moneta
840 4384 897 4427 ex·
954 4380 1093 4453 quorum
1113 4364 1218 4429 antica
1241 4379 1308 4429 ests
1339 4364 1522 4429 CAESAR.
1539 4364 1643 4432 DlVl.
1662 4364 1704 4429 Fa

143 4474 338 4539 cudebatur.
363 4471 549 4536 Admodum
571 4473 671 4556 igitur
696 4466 893 4550 verisimile,
956 4472 1062 4551 Caput
1080 4472 1205 4531 nudum
1225 4468 1422 4543 Octauiani,
1440 4465 1474 4526 in
1491 4482 1622 4529 mem:
1643 4468 1704 4527 nt·

149 4594 1686 4679 mm

182 4782 449 4857 a)1.·.L1V·§.:52.
525 4784 561 4858 b)
581 4783 638 4843 le.
715 4788 745 4856 c)
764 4740 990 4861 plagatus.¹
1051 4780 1097 4851 vd)
1115 4780 1147 4837 B.
1163 4779 1197 4837 L.
1212 4778 1357 4839 'rom-Ill.
1373 4778 1441 4836 laist.
1456 4781 1596 4855 pastro.

190 4894 287 4975 (Vel.
306 4895 382 4975 Vl.)
1394 4888 1417 4948 S
