4267 5500
449 604 471 679 o
543 564 549 577 '
876 704 879 721 Ι
989 590 1191 669 run-tva
1219 565 1469 669 'causan

454 764 615 835 luvenalis
638 766 698 832 ltos
719 762 840 840 fervidi
862 762 940 828 solis
962 744 1086 829 incolas
1107 784 1201 833 toea·
1258 765 1365 843 ciunt,
1389 730 1498 829 uetari
1516 763 1568 843 id,
1591 762 1681 850 qaod
1695 777 1806 827 narrat
1820 761 1904 841 Dio,
1926 761 2006 828 Cae·
2034 758 2045 775 “’

453 867 503 935 vit
518 876 557 946 Ι).
704 906 706 912 2
1258 888 1366 929 sarem
1380 863 1468 932 ricto
1484 864 1662 930 Pharnace·'
1672 884 1714 928 eo
1729 866 1823 943 loco,
1844 885 1911 950 quo
1929 882 2004 930 ante

522 970 676 1033 Caesaris
690 980 890 1047 armentum,
904 970 992 1033 nulli
1006 969 1130 1031 seruire
1142 986 1203 1051 pa·
1259 989 1360 1031 annos
1375 968 1487 1051 plures
1500 966 1647 1032 Triarius
1661 990 1679 1029 s
1692 964 1883 1031 Mithridate
1898 966 2004 1030 victus

561 1064 565 1071 ’
1005 1083 1117 1133 rutum
1260 1082 1346 1147 erat,
1371 1088 1446 1131 cum
1470 1089 1532 1152 per
1554 1067 1753 1151 religionem
1774 1087 1840 1129 non
1865 1068 2006 1131 auderet

520 1172 668 1236 Prr‘vuto.
1256 1170 1349 1253 'regis
1375 1183 1563 1253 tropaeum,
1592 1169 1714 1253 quippe
1732 1168 1832 1230 Marti
1857 1191 2006 1246 sacrum,

458 1271 549 1335 lalem
566 1286 660 1357 typus
676 1278 843 1341 restitutus
860 1288 910 1338 est
925 1274 957 1334 in
976 1291 1076 1335 numo
1091 1274 1204 1356 Augu·
1257 1272 1333 1336 loeo
1354 1290 1509 1349 morere,
1535 1272 1674 1335 alterum
1692 1271 1917 1333 Romanorum
1938 1286 2008 1333 tro·

367 1444 369 1447 ,
455 1374 498 1439 sti
514 1374 708 1441 Hadrumeti
726 1378 858 1442 Africae
876 1377 1010 1460 signato.
1259 1393 1375 1457 pssum
1388 1370 1479 1455 juxta
1495 1372 1655 1449 statuisse,
1672 1370 1761 1457 quoti
1775 1372 1858 1435 adeo
1874 1394 1919 1453 τῳ
1934 1375 2007 1439 ΙΙΤ.

715 1525 735 1562 „
819 1478 838 1515 ⁴⁵
923 1524 943 1559 „
1259 1472 1470 1549 iudicaretur.
1503 1473 1548 1535 At
1571 1486 1642 1536 tum
1665 1470 1729 1536 hae
1756 1472 1872 1537 literae
1897 1475 2008 1558 potius

625 1578 732 1658 Caput
746 1580 886 1642 Veneris
901 1578 1101 1640 adhaerente
1116 1572 1203 1635 cotto
1262 1587 1416 1656 tropaeo,
1440 1594 1506 1637 non
1523 1574 1664 1642 Veneris
1686 1574 1784 1659 capiti
1805 1574 1936 1638 fuerant
1953 1577 2008 1637 asl-

627 1678 804 1760 Cupidines
825 1710 829 1718 ·
1262 1673 1454 1739 stituendae.
1477 1662 1721 1757 Rarercumpus
1736 1676 1777 1764 5¹¹.
1788 1675 1853 1739 hoe
1869 1688 2008 1761 tropaeo

460 1776 643 1843 CAESAR.
666 1778 845 1862 Tropaeum
860 1780 948 1841 inter
961 1778 1044 1839 duos
1057 1776 1207 1857 captiuos
1262 1798 1352 1840 arma
1366 1776 1474 1859 potius
1487 1776 1713 1860 Hispaniensis
1727 1777 1834 1855 ridet,
1855 1799 1894 1841 aa
1910 1800 2009 1863 prop·

458 1880 617 1943 barbaros
632 1880 726 1941 humi
739 1882 897 1942 sedentes.
920 1878 990 1942 AR.
1011 1876 1136 1942 obvius.
1261 1891 1355 1942 terea
1379 1877 1573 1941 referendos
1593 1880 1701 1962 potius
1731 1881 1792 1943 hos
1820 1900 1938 1945 numos
1970 1884 2011 1945 aa

626 1980 734 2062 Caput
753 1982 903 2044 Veneris.
1262 1979 1432 2046 victoriam
1449 1978 1491 2043 de
1501 1980 1654 2063 Hispanis
1667 1980 1813 2057 relatam,
1829 1981 1923 2063 cujus
1937 2004 2011 2045 sen·

461 2081 644 2148 CAESAR.
663 2082 753 2146 tttP.
781 2077 960 2163 Tropaeum
976 2084 1064 2144 iuter
1082 2094 1206 2145 struem
1263 2082 1384 2144 tentiae
1406 2080 1534 2145 aceedit
1551 2102 1681 2167 quoque
1697 2081 1949 2165 Barthelemyus
1971 2096 2010 2160 ο).

460 2174 637 2247 armorum.
660 2183 730 2244 AR.
748 2180 925 2264 (Moselli.)
1120 2176 1124 2184 '
1264 2182 1353 2243 Nihil
1373 2182 1528 2245 hactenus
1546 2182 1747 2266 expeditum.
1773 2184 1875 2247 Forte
1899 2186 2012 2251 verius

580 2284 667 2345 IMP.
686 2284 803 2349 l'tEtt.
828 2284 936 2368 Caput
955 2287 1107 2349 Verteris.
1263 2281 1445 2366 significant
1461 2284 1505 2360 id,
1524 2283 1613 2367 quod
1627 2284 1662 2345 in
1676 2306 1775 2348 numo
1787 2285 2013 2368 praecedente

461 2386 498 2450 C.
514 2384 706 2467 CAESAR.
732 2384 769 2449 C.
797 2384 835 2450 F.
868 2386 1078 2470 Tropaeum,
1103 2384 1207 2464 jueta
1263 2385 1393 2468 plenius
1410 2385 1566 2469 seriptum
1585 2388 1764 2455 astatur.
1782 2390 1898 2454 ITER.
1922 2388 2018 2457 Vide‘

459 2488 549 2567 quad
571 2490 723 2571 captivus
744 2497 858 2563 stans,
882 2488 959 2549 inde
981 2506 1099 2549 curras
1111 2486 1210 2575 falec
1267 2486 1363 2570 plura
1375 2486 1461 2549 iufra
1475 2485 1517 2550 ad
1531 2486 1661 2553 titulum
1676 2488 1903 2569 Imperatoris.

461 2599 592 2652 serrata
608 2592 768 2652 munitus.
792 2587 863 2652 AR.
881 2585 1058 2669 (Metelli.)

623 2688 695 2754 ΠΤ.
735 2690 842 2772 Caput
870 2690 1024 2764 Veneris,
1056 2686 1091 2750 in
1118 2684 1205 2750 aliis:
1450 2694 1490 2754 V.
1508 2692 1631 2774 07⁰7·
1654 2690 1761 2756 M.
1776 2699 1830 2774 47.
1861 2698 1866 2703 ’

426 2867 438 2880 ¹
582 2829 583 2834 κ
626 2801 726 2872 caput
742 2791 904 2854 muliebre
918 2791 1078 2855 velatum.
1432 2793 1528 2855 COS.
1543 2794 1591 2855 11.
1614 2793 1737 2856 ulcr.
1755 2793 1782 2855 1.
1799 2793 1848 2857 ΙῙ.

445 2917 448 2922 ·
463 2891 646 2957 CAESAR.
666 2885 860 2974 Tropaeum,
869 2891 971 2972 juxta
986 2892 1159 2972 secespita,
1173 2887 1207 2948 in
1383 2881 1389 2888 ⁴
1758 2925 1763 2931 -

384 3008 387 3017 '
463 2993 546 3058 alios
574 2995 732 3075 Captivus
752 2993 846 3055 humi
866 2993 992 3054 sedeas.
1013 2990 1086 3058 AV.
1109 2992 1207 3064 (Mus.
1428 2993 1466 3061 C.
1480 2994 1663 3061 CAESAR.
1679 2996 1767 3060 tttP.
1782 2991 1877 3060 COS.
1892 2995 2013 3058 ITER.

462 3097 598 3160 Fernes.
613 3107 646 3158 et
657 3094 868 3177 Barthelemy
882 3113 923 3156 ex
939 3113 1021 3158 mus.
1036 3112 1108 3174 reg.
1122 3091 1206 3157 Gall.
1254 3134 1257 3139 ,
1432 3096 1540 3177 Caput
1556 3100 1706 3163 Veneris,
1759 3154 1765 3160 ,

461 3199 501 3261 Β.
515 3198 556 3262 L.
575 3199 669 3260 Tom.
683 3197 786 3261 XXX.
806 3218 838 3279 p.
850 3197 939 3276 374.)
960 3197 1030 3258 AR.
1049 3193 1149 3257 obvii.
1264 3195 1305 3260 A.
1324 3196 1555 3290 ALLIENYS.
1571 3197 1674 3263 PRO.
1694 3195 1789 3263 COS.
1814 3199 1879 3261 Vir
1902 3201 2015 3259 nudas

527 3296 613 3378 Typi
644 3295 792 3357 Caesaris
824 3295 976 3359 victorias
1007 3295 1207 3377 praedicant.
1257 3299 1296 3358 al.
1311 3301 1394 3380 pede
1409 3321 1532 3383 prorae
1548 3303 1645 3363 navis
1663 3303 1824 3362 insistens
1838 3299 1870 3361 d.
1891 3303 2016 3376 triaue·

347 3457 353 3467 ,
419 3413 423 3418 ·
464 3401 500 3457 ln
521 3416 621 3458 numo
643 3397 683 3460 11.
707 3395 826 3457 Caesar
847 3393 935 3457 nude
957 3395 1047 3459 tatP.
1074 3394 1209 3473 dicitur,
1266 3402 1355 3460 tram
1371 3411 1471 3465 tenet.
1492 3400 1563 3466 AR.
1581 3402 1679 3475 (Mas.
1698 3400 1807 3475 Caes.)

461 3499 496 3559 in
518 3489 967 3572 111.autem1MP.1TEn.‚
998 3495 1039 3558 tle
1066 3517 1135 3581 quo·
1158 3518 1210 3560 va·
1328 3501 1381 3561 De
1409 3513 1501 3582 parte
1530 3521 1645 3568 aversa
1670 3501 1797 3586 egimus
1833 3501 1868 3562 ia
1905 3501 2016 3564 uumis

462 3598 515 3662 rio
538 3596 637 3662 modo
659 3613 791 3682 agemus
812 3597 896 3660 infra
914 3595 975 3659 sub
994 3597 1089 3661 titulo
1107 3599 1210 3682 Impe·
1269 3599 1390 3664 Alieni.

450 3711 569 3764 ¹rator.
609 3699 798 3769 Verisimile
831 3712 899 3778 est,
937 3700 1026 3783 quod
1057 3699 1211 3765 observat
1524 3733 1545 3769 s.
1630 3685 1650 3724 '⁵
1733 3732 1753 3768 a

464 3800 674 3879 Vaillautius,
695 3816 867 3886 tropaeam
884 3801 974 3863 numi
991 3802 1046 3866 111.
1063 3801 1211 3865 referen-
1330 3802 1424 3866 Alios
1448 3803 1544 3891 hujps
1567 3802 1643 3868 anni
1668 3817 1778 3889 certos
1802 3825 1922 3868 numos
1946 3827 2017 3866 non

465 3902 544 3966 ulam
566 3902 606 3966 ad
627 3902 797 3968 uictoriam
823 3903 998 3979 Gallicam,
1029 3917 1063 3966 et
1086 3901 1211 3974 adstati-
1265 3902 1436 3971 habemus.
1473 3903 1565 3997 Quos
1602 3903 1835 3970 Mediobarhas
1862 3907 1930 3969 hue
1957 3926 2016 3968 vo·

464 4017 532 4068 tem
556 4005 717 4088 captivum
738 4027 809 4069 esse
828 4003 1137 4091 Vercingetorigem
1158 4025 1212 4069 re·
1268 4019 1339 4083 sat,
1372 4017 1428 4068 sut
1467 4005 1633 4070 Goltziani
1666 4022 1758 4085 sunt,
1795 4020 1851 4071 aut
1884 4019 2016 4070 certum
2050 4057 2054 4065 .

465 4127 559 4190 gem,
583 4106 639 4190 qui
657 4097 774 4170 Alexio
792 4119 884 4191 cepta
901 4106 936 4168 ia
954 4106 1102 4170 Caesaris
1121 4120 1211 4190 pote·
1267 4128 1329 4190 pro
1345 4106 1507 4172 hosanno
1524 4108 1694 4172 criterium
1708 4129 1775 4170 non
1792 4107 2016 4193 suppeditant.

465 4201 580 4274 statem
597 4207 735 4286 venit,a
753 4229 818 4293 quo
833 4207 874 4271 ud
889 4206 1094 4292 triumphum
1105 4229 1211 4272 reser-
1269 4208 1378 4300 Quem
1414 4206 1558 4271 Oiselius
1593 4209 1670 4275 eitat
1704 4210 1907 4295 inscriptum·
1927 4214 2016 4275 Dte.

463 4326 572 4389 vatus,
604 4331 642 4374 ae
666 4323 741 4392 post
766 4329 840 4372 eum
865 4311 907 4376 V.
927 4310 963 4376 C.
989 4311 1052 4394 708
1077 4323 1211 4374 necatus
1267 4311 1384 4374 I'I'ER.
1422 4308 1518 4393 (Τὼ.
1535 4312 1578 4393 95
1593 4331 1624 4402 p.
1637 4313 1686 4393 7.)
1723 4311 1789 4374 hue
1828 4311 2017 4395 pertineret

466 4426 517 4476 est
535 4407 580 4495 l²).
611 4412 744 4475 Literae
770 4413 840 4476 ΠΤ.
866 4412 956 4474 numi
978 4411 1138 4494 postremi
1159 4432 1212 4475 ae·
1268 4409 1416 4496 quidem,
1432 4410 1492 4473 sed
1512 4410 1588 4475 eum
1608 4433 1766 4498 nusquam
1785 4410 1865 4480 alibi
1892 4414 2018 4476 descri-

464 4515 574 4598 nigma
596 4512 751 4578 offerant.
776 4515 841 4578 Eas
858 4512 1066 4592 Vaillantius,
1090 4513 1210 4598 aliique
1267 4527 1358 4597 ptum
1379 4513 1532 4591 invenio,
1555 4529 1590 4579 et
1612 4515 1701 4578 sorte
1723 4498 1770 4579 sie
1789 4503 1903 4601 iniqu'e
1927 4518 2016 4578 lecta

464 4607 721 4698 interpretantur
748 4617 788 4680 ll.
820 4615 1020 4699 Tropaeum,
1051 4627 1085 4676 et
1112 4615 1212 4698 conjif
1268 4613 1447 4700 epigraphe
1463 4635 1530 4704 pro¹
1546 4617 1662 4683 DICT.
1677 4618 1779 4688 uult.

501 4828 531 4893 a)
551 4822 653 4895 Satyra
668 4819 732 4880 XII.
748 4841 776 4878 v.
788 4775 851 4886 1¹06.
951 4822 985 4893 b)
1007 4819 1155 4881 Plutarch.
1171 4821 1238 4880 nio.
1338 4823 1370 4893 c)
1388 4819 1409 4879 l.
1425 4842 1449 4880 c.
