<?xml version="1.0" encoding="UTF-8"?>
<!DOCTYPE html PUBLIC "-//W3C//DTD XHTML 1.0 Transitional//EN"
    "http://www.w3.org/TR/xhtml1/DTD/xhtml1-transitional.dtd">
<html xmlns="http://www.w3.org/1999/xhtml" xml:lang="en" lang="en">
 <head>
  <title>
</title>
<meta http-equiv="Content-Type" content="text/html;charset=utf-8" />
  <meta name='ocr-system' content='tesseract 3.04.00' />
  <meta name='ocr-capabilities' content='ocr_page ocr_carea ocr_par ocr_line ocrx_word'/>
</head>
<body>
  <div class='ocr_page' id='page_1' title='image "./doctrinanumorum01steigoog/doctrinanumorum01steigoog_0090.png"; bbox 0 0 4267 5500; ppageno 0'>
   <div class='ocr_carea' id='block_1_1' title="bbox 454 554 1434 693">
    <p class='ocr_par' dir='ltr' id='par_1_1' title="bbox 454 554 1434 693">
     <span class='ocr_line' id='line_1_1' title="bbox 454 554 1434 693; baseline -0.005 -49"><span class='ocrx_word' id='word_1_1' title='bbox 454 590 499 657; x_wconf 72' lang='lat' dir='ltr'><strong>sn</strong></span> <span class='ocrx_word' id='word_1_2' title='bbox 837 680 843 693; x_wconf 27' lang='grc' dir='ltr'>ι</span> <span class='ocrx_word' id='word_1_3' title='bbox 947 658 952 669; x_wconf 20' lang='grc' dir='ltr'>ἱ</span> <span class='ocrx_word' id='word_1_4' title='bbox 1013 570 1073 642; x_wconf 85' lang='grc' dir='ltr'><strong>Μ.</strong></span> <span class='ocrx_word' id='word_1_5' title='bbox 1103 554 1434 643; x_wconf 75' lang='lat' dir='ltr'>ANTONIVS.</span> 
     </span>
    </p>
   </div>
   <div class='ocr_carea' id='block_1_2' title="bbox 443 732 2007 1746">
    <p class='ocr_par' dir='ltr' id='par_1_2' title="bbox 443 732 2006 1131">
     <span class='ocr_line' id='line_1_2' title="bbox 516 732 2004 827; baseline -0.004 -24"><span class='ocrx_word' id='word_1_6' title='bbox 516 743 568 803; x_wconf 85' lang='lat' dir='ltr'><strong>De</strong></span> <span class='ocrx_word' id='word_1_7' title='bbox 600 739 664 803; x_wconf 80' lang='lat' dir='ltr'><strong>lroo</strong></span> <span class='ocrx_word' id='word_1_8' title='bbox 696 738 820 821; x_wconf 80' lang='lat' dir='ltr'><strong>Scorpo</strong></span> <span class='ocrx_word' id='word_1_9' title='bbox 854 738 987 801; x_wconf 83' lang='lat' dir='ltr'><strong>Antonii</strong></span> <span class='ocrx_word' id='word_1_10' title='bbox 1021 738 1129 817; x_wconf 79' lang='lat' dir='ltr'><strong>socio,</strong></span> <span class='ocrx_word' id='word_1_11' title='bbox 1166 752 1200 803; x_wconf 88' lang='lat' dir='ltr'><strong>ct</strong></span> <span class='ocrx_word' id='word_1_12' title='bbox 1253 751 1366 801; x_wconf 75' lang='lat' dir='ltr'><strong>utuaas</strong></span> <span class='ocrx_word' id='word_1_13' title='bbox 1394 736 1537 821; x_wconf 85' lang='lat' dir='ltr'><strong>deniquo</strong></span> <span class='ocrx_word' id='word_1_14' title='bbox 1563 734 1696 799; x_wconf 69' lang='lat' dir='ltr'><strong>clueant.</strong></span> <span class='ocrx_word' id='word_1_15' title='bbox 1735 732 1851 827; x_wconf 71' lang='lat' dir='ltr'><strong>Quam</strong></span> <span class='ocrx_word' id='word_1_16' title='bbox 1878 736 2004 798; x_wconf 83' lang='lat' dir='ltr'><strong>consul·</strong></span> 
     </span>
     <span class='ocr_line' id='line_1_3' title="bbox 443 834 2005 925; baseline -0.004 -18"><span class='ocrx_word' id='word_1_17' title='bbox 443 843 614 907; x_wconf 82' lang='lat' dir='ltr'><strong>-exoroitui</strong></span> <span class='ocrx_word' id='word_1_18' title='bbox 630 840 784 905; x_wconf 73' lang='lat' dir='ltr'><strong>Africano</strong></span> <span class='ocrx_word' id='word_1_19' title='bbox 801 840 987 924; x_wconf 82' lang='lat' dir='ltr'><strong>praelecto,</strong></span> <span class='ocrx_word' id='word_1_20' title='bbox 1006 855 1039 905; x_wconf 88' lang='lat' dir='ltr'><strong>et</strong></span> <span class='ocrx_word' id='word_1_21' title='bbox 1057 842 1128 925; x_wconf 85' lang='lat' dir='ltr'><strong>ejus</strong></span> <span class='ocrx_word' id='word_1_22' title='bbox 1145 840 1202 903; x_wconf 91' lang='lat' dir='ltr'><strong>dc·</strong></span> <span class='ocrx_word' id='word_1_23' title='bbox 1257 842 1321 902; x_wconf 80' lang='lat' dir='ltr'><strong>tius</strong></span> <span class='ocrx_word' id='word_1_24' title='bbox 1336 854 1438 925; x_wconf 87' lang='lat' dir='ltr'><strong>puto,</strong></span> <span class='ocrx_word' id='word_1_25' title='bbox 1467 852 1504 900; x_wconf 90' lang='lat' dir='ltr'><strong>ut</strong></span> <span class='ocrx_word' id='word_1_26' title='bbox 1525 837 1707 921; x_wconf 76' lang='lat' dir='ltr'><strong>legentium</strong></span> <span class='ocrx_word' id='word_1_27' title='bbox 1729 834 1886 913; x_wconf 36' lang='lat' dir='ltr'><strong>taedium,</strong></span> <span class='ocrx_word' id='word_1_28' title='bbox 1900 835 2005 901; x_wconf 83' lang='lat' dir='ltr'><strong>sublo-</strong></span> 
     </span>
     <span class='ocr_line' id='line_1_4' title="bbox 450 928 2006 1029; baseline -0.005 -22"><span class='ocrx_word' id='word_1_29' title='bbox 450 945 549 1029; x_wconf 89' lang='lat' dir='ltr'><strong>nique</strong></span> <span class='ocrx_word' id='word_1_30' title='bbox 578 931 747 1027; x_wconf 82' lang='lat' dir='ltr'><strong>prodit&#39;oro</strong></span> <span class='ocrx_word' id='word_1_31' title='bbox 776 942 868 1021; x_wconf 76' lang='lat' dir='ltr'><strong>vido,</strong></span> <span class='ocrx_word' id='word_1_32' title='bbox 891 928 974 1029; x_wconf 82' lang='lat' dir='ltr'><strong>quae</strong></span> <span class='ocrx_word' id='word_1_33' title='bbox 999 944 1139 1007; x_wconf 78' lang='lat' dir='ltr'><strong>diximus</strong></span> <span class='ocrx_word' id='word_1_34' title='bbox 1155 943 1200 1029; x_wconf 29' lang='lat' dir='ltr'><strong>‘in</strong></span> <span class='ocrx_word' id='word_1_35' title='bbox 1257 960 1351 1018; x_wconf 77' lang='lat' dir='ltr'><strong>tem,</strong></span> <span class='ocrx_word' id='word_1_36' title='bbox 1388 941 1422 1001; x_wconf 95' lang='lat' dir='ltr'><strong>in</strong></span> <span class='ocrx_word' id='word_1_37' title='bbox 1451 941 1491 1003; x_wconf 90' lang='lat' dir='ltr'><strong>iis</strong></span> <span class='ocrx_word' id='word_1_38' title='bbox 1519 938 1835 1013; x_wconf 75' lang='lat' dir='ltr'><strong>commemorandis,</strong></span> <span class='ocrx_word' id='word_1_39' title='bbox 1873 951 1943 999; x_wconf 86' lang='lat' dir='ltr'><strong>tum</strong></span> <span class='ocrx_word' id='word_1_40' title='bbox 1974 949 2006 999; x_wconf 88' lang='lat' dir='ltr'><strong>et</strong></span> 
     </span>
     <span class='ocr_line' id='line_1_5' title="bbox 450 1039 2005 1131; baseline -0.007 -21"><span class='ocrx_word' id='word_1_41' title='bbox 450 1048 556 1110; x_wconf 75' lang='lat' dir='ltr'><strong>numia</strong></span> <span class='ocrx_word' id='word_1_42' title='bbox 571 1045 684 1131; x_wconf 31' lang='lat' dir='ltr'><strong>,gentis</strong></span> <span class='ocrx_word' id='word_1_43' title='bbox 700 1046 863 1111; x_wconf 83' lang='lat' dir='ltr'><strong>Pinariae.</strong></span> <span class='ocrx_word' id='word_1_44' title='bbox 1258 1042 1444 1121; x_wconf 82' lang='lat' dir='ltr'><strong>elevandis,</strong></span> <span class='ocrx_word' id='word_1_45' title='bbox 1465 1042 1711 1105; x_wconf 81' lang='lat' dir='ltr'><strong>stabiliendisve</strong></span> <span class='ocrx_word' id='word_1_46' title='bbox 1728 1054 1845 1103; x_wconf 80' lang='lat' dir='ltr'><strong>tencre</strong></span> <span class='ocrx_word' id='word_1_47' title='bbox 1863 1039 2005 1115; x_wconf 86' lang='lat' dir='ltr'><strong>modum,</strong></span> 
     </span>
    </p>

    <p class='ocr_par' dir='ltr' id='par_1_3' title="bbox 592 1146 2007 1545">
     <span class='ocr_line' id='line_1_6' title="bbox 1257 1146 2005 1229; baseline -0.009 -21"><span class='ocrx_word' id='word_1_48' title='bbox 1257 1158 1356 1229; x_wconf 85' lang='lat' dir='ltr'><strong>atque</strong></span> <span class='ocrx_word' id='word_1_49' title='bbox 1382 1146 1469 1209; x_wconf 88' lang='lat' dir='ltr'><strong>istud</strong></span> <span class='ocrx_word' id='word_1_50' title='bbox 1493 1159 1642 1227; x_wconf 80' lang='lat' dir='ltr'><strong>sategere</strong></span> <span class='ocrx_word' id='word_1_51' title='bbox 1671 1156 1813 1216; x_wconf 85' lang='lat' dir='ltr'><strong>tantum,</strong></span> <span class='ocrx_word' id='word_1_52' title='bbox 1841 1154 1898 1217; x_wconf 83' lang='lat' dir='ltr'><strong>ut,</strong></span> <span class='ocrx_word' id='word_1_53' title='bbox 1927 1160 2005 1223; x_wconf 89' lang='lat' dir='ltr'><strong>quae</strong></span> 
     </span>
     <span class='ocr_line' id='line_1_7' title="bbox 919 1240 2007 1333; baseline -0.011 -18"><span class='ocrx_word' id='word_1_54' title='bbox 919 1256 939 1297; x_wconf 74' lang='lat'><strong>¹</strong></span> <span class='ocrx_word' id='word_1_55' title='bbox 1254 1260 1350 1311; x_wconf 80' lang='lat' dir='ltr'><strong>certa</strong></span> <span class='ocrx_word' id='word_1_56' title='bbox 1368 1260 1459 1325; x_wconf 84' lang='lat' dir='ltr'><strong>sunt,</strong></span> <span class='ocrx_word' id='word_1_57' title='bbox 1481 1266 1631 1333; x_wconf 80' lang='lat' dir='ltr'><strong>quaeque</strong></span> <span class='ocrx_word' id='word_1_58' title='bbox 1651 1244 1757 1309; x_wconf 82' lang='lat' dir='ltr'><strong>adhue</strong></span> <span class='ocrx_word' id='word_1_59' title='bbox 1777 1240 1892 1320; x_wconf 82' lang='lat' dir='ltr'><strong>dubia,</strong></span> <span class='ocrx_word' id='word_1_60' title='bbox 1916 1241 2007 1304; x_wconf 87' lang='lat' dir='ltr'><strong>intel·</strong></span> 
     </span>
     <span class='ocr_line' id='line_1_8' title="bbox 1255 1347 1523 1433; baseline 0.015 -24"><span class='ocrx_word' id='word_1_61' title='bbox 1255 1347 1408 1433; x_wconf 73' lang='lat' dir='ltr'><strong>ligamus.</strong></span> <span class='ocrx_word' id='word_1_62' title='bbox 1518 1384 1523 1391; x_wconf 88' lang='lat'><strong>·</strong></span> 
     </span>
     <span class='ocr_line' id='line_1_9' title="bbox 592 1446 2007 1545; baseline -0.002 -29"><span class='ocrx_word' id='word_1_63' title='bbox 592 1536 596 1543; x_wconf 22' lang='grc' dir='ltr'>ι</span> <span class='ocrx_word' id='word_1_64' title='bbox 817 1528 825 1545; x_wconf 30' lang='lat'><strong><em>⁹</em></strong></span> <span class='ocrx_word' id='word_1_65' title='bbox 1292 1536 1297 1545; x_wconf 26' lang='grc' dir='ltr'>Ι</span> <span class='ocrx_word' id='word_1_66' title='bbox 1323 1450 1441 1515; x_wconf 88' lang='lat' dir='ltr'><strong>Potior</strong></span> <span class='ocrx_word' id='word_1_67' title='bbox 1457 1451 1682 1519; x_wconf 78' lang='lat' dir='ltr'><strong>controversia</strong></span> <span class='ocrx_word' id='word_1_68' title='bbox 1700 1448 1735 1512; x_wconf 88' lang='lat' dir='ltr'><strong>in</strong></span> <span class='ocrx_word' id='word_1_69' title='bbox 1752 1446 1944 1513; x_wconf 83' lang='lat' dir='ltr'><strong>deliniendo</strong></span> <span class='ocrx_word' id='word_1_70' title='bbox 1958 1468 2007 1513; x_wconf 84' lang='lat' dir='ltr'><strong>ca·</strong></span> 
     </span>
    </p>

    <p class='ocr_par' dir='ltr' id='par_1_4' title="bbox 450 1550 2007 1746">
     <span class='ocr_line' id='line_1_10' title="bbox 514 1550 2007 1643; baseline -0.006 -23"><span class='ocrx_word' id='word_1_71' title='bbox 514 1556 568 1620; x_wconf 82' lang='lat' dir='ltr'><strong>Do</strong></span> <span class='ocrx_word' id='word_1_72' title='bbox 604 1556 669 1621; x_wconf 84' lang='lat' dir='ltr'><strong>ltoc</strong></span> <span class='ocrx_word' id='word_1_73' title='bbox 701 1550 778 1623; x_wconf 84' lang='lat' dir='ltr'><strong>tide</strong></span> <span class='ocrx_word' id='word_1_74' title='bbox 813 1568 930 1622; x_wconf 78' lang='lat' dir='ltr'><strong>numos</strong></span> <span class='ocrx_word' id='word_1_75' title='bbox 963 1554 1071 1643; x_wconf 81' lang='lat' dir='ltr'><strong>gentis</strong></span> <span class='ocrx_word' id='word_1_76' title='bbox 1099 1555 1203 1623; x_wconf 79' lang='lat' dir='ltr'><strong>Pacu·</strong></span> <span class='ocrx_word' id='word_1_77' title='bbox 1258 1552 1328 1638; x_wconf 87' lang='lat' dir='ltr'><strong>pite</strong></span> <span class='ocrx_word' id='word_1_78' title='bbox 1355 1553 1528 1633; x_wconf 78' lang='lat' dir='ltr'><strong>muliebri,</strong></span> <span class='ocrx_word' id='word_1_79' title='bbox 1557 1552 1647 1639; x_wconf 90' lang='lat' dir='ltr'><strong>quud</strong></span> <span class='ocrx_word' id='word_1_80' title='bbox 1669 1551 1804 1617; x_wconf 78' lang='lat' dir='ltr'><strong>Antonii</strong></span> <span class='ocrx_word' id='word_1_81' title='bbox 1830 1550 1932 1635; x_wconf 84' lang='lat' dir='ltr'><strong>capiti</strong></span> <span class='ocrx_word' id='word_1_82' title='bbox 1959 1568 2007 1612; x_wconf 88' lang='lat' dir='ltr'><strong>so-</strong></span> 
     </span>
     <span class='ocr_line' id='line_1_11' title="bbox 450 1654 2006 1746; baseline -0.005 -24"><span class='ocrx_word' id='word_1_83' title='bbox 450 1658 533 1727; x_wconf 81' lang='lat' dir='ltr'><strong>vioe.</strong></span> <span class='ocrx_word' id='word_1_84' title='bbox 647 1732 654 1746; x_wconf 46' lang='grc'><strong><em>,</em></strong></span> <span class='ocrx_word' id='word_1_85' title='bbox 773 1662 775 1665; x_wconf 79' lang='grc'><strong>’</strong></span> <span class='ocrx_word' id='word_1_86' title='bbox 1258 1656 1383 1733; x_wconf 83' lang='lat' dir='ltr'><strong>ulatur,</strong></span> <span class='ocrx_word' id='word_1_87' title='bbox 1414 1655 1503 1741; x_wconf 87' lang='lat' dir='ltr'><strong>quod</strong></span> <span class='ocrx_word' id='word_1_88' title='bbox 1528 1655 1681 1739; x_wconf 86' lang='lat' dir='ltr'><strong>plerique</strong></span> <span class='ocrx_word' id='word_1_89' title='bbox 1710 1674 1784 1715; x_wconf 86' lang='lat' dir='ltr'><strong>esse</strong></span> <span class='ocrx_word' id='word_1_90' title='bbox 1812 1654 2006 1737; x_wconf 76' lang='lat' dir='ltr'><strong>Cleopatrae</strong></span> 
     </span>
    </p>
   </div>
   <div class='ocr_carea' id='block_1_3' title="bbox 708 1752 2007 1879">
    <p class='ocr_par' dir='ltr' id='par_1_5' title="bbox 708 1752 2007 1879">
     <span class='ocr_line' id='line_1_12' title="bbox 708 1752 2007 1879; baseline -0.011 -51"><span class='ocrx_word' id='word_1_91' title='bbox 708 1841 729 1877; x_wconf 38' lang='grc' dir='ltr'>ι</span> <span class='ocrx_word' id='word_1_92' title='bbox 813 1793 833 1834; x_wconf 65' lang='lat' dir='ltr'><strong>a</strong></span> <span class='ocrx_word' id='word_1_93' title='bbox 917 1840 937 1879; x_wconf 37' lang='grc' dir='ltr'><strong>ι</strong></span> <span class='ocrx_word' id='word_1_94' title='bbox 1260 1756 1463 1836; x_wconf 85' lang='lat' dir='ltr'><strong>existimant,</strong></span> <span class='ocrx_word' id='word_1_95' title='bbox 1491 1770 1524 1819; x_wconf 83' lang='lat' dir='ltr'><strong>at</strong></span> <span class='ocrx_word' id='word_1_96' title='bbox 1549 1754 1763 1819; x_wconf 83' lang='lat' dir='ltr'><strong>Mazzolenus</strong></span> <span class='ocrx_word' id='word_1_97' title='bbox 1793 1754 1829 1816; x_wconf 85' lang='lat' dir='ltr'><strong>in</strong></span> <span class='ocrx_word' id='word_1_98' title='bbox 1854 1752 2007 1817; x_wconf 77' lang='lat' dir='ltr'><strong>adseren·</strong></span> 
     </span>
    </p>
   </div>
   <div class='ocr_carea' id='block_1_4' title="bbox 706 1210 835 1281">
    <p class='ocr_par' dir='ltr' id='par_1_6' title="bbox 706 1210 835 1281">
     <span class='ocr_line' id='line_1_13' title="bbox 706 1210 835 1281; baseline 0 -30"><span class='ocrx_word' id='word_1_99' title='bbox 706 1273 710 1281; x_wconf 32' lang='grc' dir='ltr'><strong><em>Ι</em></strong></span> <span class='ocrx_word' id='word_1_100' title='bbox 815 1210 835 1251; x_wconf 63' lang='grc' dir='ltr'>Ο</span> 
     </span>
    </p>
   </div>
   <div class='ocr_carea' id='block_1_5' title="bbox 512 1416 1143 1527">
    <p class='ocr_par' dir='ltr' id='par_1_7' title="bbox 512 1416 1143 1527">
     <span class='ocr_line' id='line_1_14' title="bbox 512 1416 1143 1527; baseline 0 -46"><span class='ocrx_word' id='word_1_101' title='bbox 512 1418 698 1527; x_wconf 65' lang='lat' dir='ltr'><strong>l’oouvius,</strong></span> <span class='ocrx_word' id='word_1_102' title='bbox 719 1416 774 1480; x_wconf 81' lang='lat' dir='ltr'><strong>ecl</strong></span> <span class='ocrx_word' id='word_1_103' title='bbox 794 1416 837 1502; x_wconf 79' lang='lat' dir='ltr'><strong>Q.</strong></span> <span class='ocrx_word' id='word_1_104' title='bbox 852 1418 1003 1499; x_wconf 72' lang='lat' dir='ltr'><strong>Populus</strong></span> <span class='ocrx_word' id='word_1_105' title='bbox 1019 1418 1143 1506; x_wconf 81' lang='lat' dir='ltr'><strong>Rufus.</strong></span> 
     </span>
    </p>
   </div>
   <div class='ocr_carea' id='block_1_6' title="bbox 450 1852 2014 3162">
    <p class='ocr_par' dir='ltr' id='par_1_8' title="bbox 608 1852 2010 2247">
     <span class='ocr_line' id='line_1_15' title="bbox 1252 1852 2008 1933; baseline -0.003 -15"><span class='ocrx_word' id='word_1_106' title='bbox 1252 1856 1302 1920; x_wconf 45' lang='lat' dir='ltr'><strong>‘da</strong></span> <span class='ocrx_word' id='word_1_107' title='bbox 1331 1852 1468 1923; x_wconf 74' lang='lat' dir='ltr'><strong>Octavia</strong></span> <span class='ocrx_word' id='word_1_108' title='bbox 1497 1857 1670 1923; x_wconf 81' lang='lat' dir='ltr'><strong>Octaviani</strong></span> <span class='ocrx_word' id='word_1_109' title='bbox 1701 1876 1835 1933; x_wconf 89' lang='lat' dir='ltr'><strong>sorore,</strong></span> <span class='ocrx_word' id='word_1_110' title='bbox 1872 1854 2008 1918; x_wconf 75' lang='lat' dir='ltr'><strong>Antonii</strong></span> 
     </span>
     <span class='ocr_line' id='line_1_16' title="bbox 1228 1956 2006 2031; baseline -0.003 -12"><span class='ocrx_word' id='word_1_111' title='bbox 1228 1956 1363 2023; x_wconf 82' lang='lat' dir='ltr'><strong>&#39;uxore</strong></span> <span class='ocrx_word' id='word_1_112' title='bbox 1390 1972 1479 2021; x_wconf 86' lang='lat' dir='ltr'><strong>totus</strong></span> <span class='ocrx_word' id='word_1_113' title='bbox 1508 1973 1568 2024; x_wconf 85' lang='lat' dir='ltr'><strong>est.</strong></span> <span class='ocrx_word' id='word_1_114' title='bbox 1607 1960 1863 2023; x_wconf 81' lang='lat' dir='ltr'><strong>controversum</strong></span> <span class='ocrx_word' id='word_1_115' title='bbox 1893 1957 2006 2031; x_wconf 87' lang='lat' dir='ltr'><strong>etiam,</strong></span> 
     </span>
     <span class='ocr_line' id='line_1_17' title="bbox 1258 2044 2010 2145; baseline -0.005 -22"><span class='ocrx_word' id='word_1_116' title='bbox 1258 2060 1352 2142; x_wconf 84' lang='lat' dir='ltr'><strong>cujus</strong></span> <span class='ocrx_word' id='word_1_117' title='bbox 1374 2062 1416 2123; x_wconf 85' lang='lat' dir='ltr'><strong>eit</strong></span> <span class='ocrx_word' id='word_1_118' title='bbox 1438 2072 1534 2143; x_wconf 78' lang='lat' dir='ltr'><strong>ceput</strong></span> <span class='ocrx_word' id='word_1_119' title='bbox 1553 2044 1717 2145; x_wconf 83' lang='lat' dir='ltr'><strong>juvenile,</strong></span> <span class='ocrx_word' id='word_1_120' title='bbox 1749 2060 1838 2143; x_wconf 88' lang='lat' dir='ltr'><strong>qood</strong></span> <span class='ocrx_word' id='word_1_121' title='bbox 1866 2059 1903 2120; x_wconf 88' lang='lat' dir='ltr'><strong>iu</strong></span> <span class='ocrx_word' id='word_1_122' title='bbox 1931 2078 2010 2121; x_wconf 87' lang='lat' dir='ltr'><strong>non·</strong></span> 
     </span>
     <span class='ocr_line' id='line_1_18' title="bbox 608 2145 2007 2247; baseline -0.002 -21"><span class='ocrx_word' id='word_1_123' title='bbox 608 2166 656 2229; x_wconf 81' lang='grc' dir='ltr'><strong>Μ.</strong></span> <span class='ocrx_word' id='word_1_124' title='bbox 688 2162 853 2228; x_wconf 81' lang='grc' dir='ltr'><strong>ΑΝΤΟΝ.</strong></span> <span class='ocrx_word' id='word_1_125' title='bbox 884 2196 899 2212; x_wconf 93' lang='lat'>·</span> <span class='ocrx_word' id='word_1_126' title='bbox 925 2194 940 2212; x_wconf 90' lang='lat'><strong>·</strong></span> <span class='ocrx_word' id='word_1_127' title='bbox 967 2196 981 2211; x_wconf 96' lang='lat'><strong>·</strong></span> <span class='ocrx_word' id='word_1_128' title='bbox 1009 2163 1202 2229; x_wconf 79' lang='lat' dir='ltr'><strong>CLEOPA·</strong></span> <span class='ocrx_word' id='word_1_129' title='bbox 1257 2145 1358 2224; x_wconf 83' lang='lat' dir='ltr'><strong>nullis</strong></span> <span class='ocrx_word' id='word_1_130' title='bbox 1378 2161 1525 2240; x_wconf 61' lang='lat' dir='ltr'><strong>numia,</strong></span> <span class='ocrx_word' id='word_1_131' title='bbox 1574 2162 1682 2246; x_wconf 85' lang='lat' dir='ltr'><strong>primo</strong></span> <span class='ocrx_word' id='word_1_132' title='bbox 1722 2161 1842 2247; x_wconf 90' lang='lat' dir='ltr'><strong>Oppii,</strong></span> <span class='ocrx_word' id='word_1_133' title='bbox 1889 2173 2007 2245; x_wconf 80' lang='lat' dir='ltr'><strong>quarto</strong></span> 
     </span>
    </p>

    <p class='ocr_par' dir='ltr' id='par_1_9' title="bbox 613 2260 2008 2349">
     <span class='ocr_line' id='line_1_19' title="bbox 613 2260 2008 2349; baseline -0.001 -25"><span class='ocrx_word' id='word_1_134' title='bbox 613 2263 714 2329; x_wconf 79' lang='lat' dir='ltr'><strong>TRA.</strong></span> <span class='ocrx_word' id='word_1_135' title='bbox 753 2264 873 2346; x_wconf 81' lang='lat' dir='ltr'><strong>Capita</strong></span> <span class='ocrx_word' id='word_1_136' title='bbox 900 2265 1021 2349; x_wconf 81' lang='lat' dir='ltr'><strong>jugata</strong></span> <span class='ocrx_word' id='word_1_137' title='bbox 1050 2267 1204 2330; x_wconf 74' lang='lat' dir='ltr'><strong>Antonii</strong></span> <span class='ocrx_word' id='word_1_138' title='bbox 1255 2262 1419 2339; x_wconf 69' lang='lat' dir='ltr'><strong>amitini,</strong></span> <span class='ocrx_word' id='word_1_139' title='bbox 1464 2263 1578 2347; x_wconf 86' lang='lat' dir='ltr'><strong>quinto</strong></span> <span class='ocrx_word' id='word_1_140' title='bbox 1613 2262 1726 2325; x_wconf 88' lang='lat' dir='ltr'><strong>Bibuli</strong></span> <span class='ocrx_word' id='word_1_141' title='bbox 1763 2283 1837 2326; x_wconf 87' lang='lat' dir='ltr'><strong>com</strong></span> <span class='ocrx_word' id='word_1_142' title='bbox 1872 2260 2008 2325; x_wconf 81' lang='lat' dir='ltr'><strong>Antonii</strong></span> 
     </span>
    </p>

    <p class='ocr_par' dir='ltr' id='par_1_10' title="bbox 612 2362 2008 2449">
     <span class='ocr_line' id='line_1_20' title="bbox 612 2362 2008 2449; baseline -0.003 -23"><span class='ocrx_word' id='word_1_143' title='bbox 612 2378 646 2426; x_wconf 86' lang='lat' dir='ltr'><strong>ct</strong></span> <span class='ocrx_word' id='word_1_144' title='bbox 667 2364 874 2443; x_wconf 78' lang='lat' dir='ltr'><strong>Cleopatrae.</strong></span> <span class='ocrx_word' id='word_1_145' title='bbox 1252 2366 1365 2447; x_wconf 80' lang='lat' dir='ltr'><strong>‘capite</strong></span> <span class='ocrx_word' id='word_1_146' title='bbox 1393 2366 1541 2448; x_wconf 78' lang='lat' dir='ltr'><strong>jugatur,</strong></span> <span class='ocrx_word' id='word_1_147' title='bbox 1574 2363 1769 2441; x_wconf 79' lang='lat' dir='ltr'><strong>Vaillentio,</strong></span> <span class='ocrx_word' id='word_1_148' title='bbox 1802 2364 1944 2449; x_wconf 85' lang='lat' dir='ltr'><strong>aliisque</strong></span> <span class='ocrx_word' id='word_1_149' title='bbox 1974 2362 2008 2423; x_wconf 87' lang='lat' dir='ltr'><strong>in</strong></span> 
     </span>
    </p>

    <p class='ocr_par' dir='ltr' id='par_1_11' title="bbox 451 2462 2010 2855">
     <span class='ocr_line' id='line_1_21' title="bbox 452 2462 2009 2549; baseline 0 -22"><span class='ocrx_word' id='word_1_150' title='bbox 452 2502 465 2515; x_wconf 95' lang='lat'>-</span> <span class='ocrx_word' id='word_1_151' title='bbox 485 2500 499 2514; x_wconf 91' lang='lat'>-</span> <span class='ocrx_word' id='word_1_152' title='bbox 519 2500 533 2515; x_wconf 95' lang='lat'><strong>·</strong></span> <span class='ocrx_word' id='word_1_153' title='bbox 554 2464 713 2527; x_wconf 80' lang='lat' dir='ltr'><strong>PRAEF.</strong></span> <span class='ocrx_word' id='word_1_154' title='bbox 733 2464 880 2527; x_wconf 79' lang='lat' dir='ltr'><strong>CLASS.</strong></span> <span class='ocrx_word' id='word_1_155' title='bbox 903 2462 1010 2527; x_wconf 79' lang='lat' dir='ltr'><strong>Novis</strong></span> <span class='ocrx_word' id='word_1_156' title='bbox 1028 2486 1102 2529; x_wconf 82' lang='lat' dir='ltr'><strong>cum</strong></span> <span class='ocrx_word' id='word_1_157' title='bbox 1120 2469 1203 2532; x_wconf 81' lang='lat' dir='ltr'><strong>velo.</strong></span> <span class='ocrx_word' id='word_1_158' title='bbox 1254 2466 1493 2530; x_wconf 79' lang='lat' dir='ltr'><strong>&#39;Caesariouem</strong></span> <span class='ocrx_word' id='word_1_159' title='bbox 1519 2467 1544 2531; x_wconf 90' lang='lat'><strong>1.</strong></span> <span class='ocrx_word' id='word_1_160' title='bbox 1568 2465 1716 2530; x_wconf 82' lang='lat' dir='ltr'><strong>Caesaris</strong></span> <span class='ocrx_word' id='word_1_161' title='bbox 1745 2486 1786 2527; x_wconf 86' lang='lat' dir='ltr'><strong>ex</strong></span> <span class='ocrx_word' id='word_1_162' title='bbox 1813 2466 2009 2549; x_wconf 84' lang='lat' dir='ltr'><strong>Cleopatra,</strong></span> 
     </span>
     <span class='ocr_line' id='line_1_22' title="bbox 452 2562 2009 2650; baseline -0.003 -21"><span class='ocrx_word' id='word_1_163' title='bbox 452 2568 571 2631; x_wconf 68' lang='lat' dir='ltr'><strong>nm.</strong></span> <span class='ocrx_word' id='word_1_164' title='bbox 609 2565 760 2650; x_wconf 79' lang='lat' dir='ltr'><strong>(Mouolli</strong></span> <span class='ocrx_word' id='word_1_165' title='bbox 790 2578 824 2628; x_wconf 84' lang='lat' dir='ltr'><strong>et</strong></span> <span class='ocrx_word' id='word_1_166' title='bbox 851 2562 950 2633; x_wconf 74' lang='lat' dir='ltr'><strong>Voill.</strong></span> <span class='ocrx_word' id='word_1_167' title='bbox 977 2564 1011 2627; x_wconf 88' lang='lat' dir='ltr'><strong>in</strong></span> <span class='ocrx_word' id='word_1_168' title='bbox 1038 2565 1114 2631; x_wconf 83' lang='lat' dir='ltr'><strong>sam.</strong></span> <span class='ocrx_word' id='word_1_169' title='bbox 1135 2572 1204 2632; x_wconf 73' lang='lat' dir='ltr'><strong>An·</strong></span> <span class='ocrx_word' id='word_1_170' title='bbox 1260 2569 1316 2634; x_wconf 75' lang='lat' dir='ltr'><strong>rol</strong></span> <span class='ocrx_word' id='word_1_171' title='bbox 1338 2568 1508 2650; x_wconf 81' lang='lat' dir='ltr'><strong>Antyllum</strong></span> <span class='ocrx_word' id='word_1_172' title='bbox 1534 2567 1673 2631; x_wconf 81' lang='lat' dir='ltr'><strong>Antonii·</strong></span> <span class='ocrx_word' id='word_1_173' title='bbox 1695 2566 1799 2629; x_wconf 83' lang='lat' dir='ltr'><strong>filium</strong></span> <span class='ocrx_word' id='word_1_174' title='bbox 1822 2564 2009 2629; x_wconf 84' lang='lat' dir='ltr'><strong>inclinanti·</strong></span> 
     </span>
     <span class='ocr_line' id='line_1_23' title="bbox 451 2656 2010 2786; baseline -0.001 -55"><span class='ocrx_word' id='word_1_175' title='bbox 451 2672 537 2752; x_wconf 85' lang='lat' dir='ltr'><strong>ton.)</strong></span> <span class='ocrx_word' id='word_1_176' title='bbox 816 2745 837 2786; x_wconf 34' lang='grc' dir='ltr'><strong><em>ῃ</em></strong></span> <span class='ocrx_word' id='word_1_177' title='bbox 1259 2669 1331 2748; x_wconf 82' lang='lat' dir='ltr'><strong>hus,</strong></span> <span class='ocrx_word' id='word_1_178' title='bbox 1350 2669 1427 2732; x_wconf 91' lang='lat' dir='ltr'><strong>dum</strong></span> <span class='ocrx_word' id='word_1_179' title='bbox 1443 2668 1657 2733; x_wconf 83' lang='lat' dir='ltr'><strong>Mazzolenus</strong></span> <span class='ocrx_word' id='word_1_180' title='bbox 1674 2656 1780 2754; x_wconf 84' lang='lat' dir='ltr'><strong>i&#39;psum</strong></span> <span class='ocrx_word' id='word_1_181' title='bbox 1801 2670 1834 2729; x_wconf 89' lang='lat' dir='ltr'><strong>iu</strong></span> <span class='ocrx_word' id='word_1_182' title='bbox 1853 2688 1897 2731; x_wconf 93' lang='lat' dir='ltr'><strong>eo</strong></span> <span class='ocrx_word' id='word_1_183' title='bbox 1911 2668 2010 2731; x_wconf 87' lang='lat' dir='ltr'><strong>Octa·</strong></span> 
     </span>
     <span class='ocr_line' id='line_1_24' title="bbox 714 2769 2010 2855; baseline -0.004 -19"><span class='ocrx_word' id='word_1_184' title='bbox 714 2798 734 2836; x_wconf 78' lang='lat' dir='ltr'><strong>e</strong></span> <span class='ocrx_word' id='word_1_185' title='bbox 920 2799 940 2837; x_wconf 72' lang='lat' dir='ltr'><strong>s</strong></span> <span class='ocrx_word' id='word_1_186' title='bbox 1256 2774 1390 2838; x_wconf 69' lang='lat' dir='ltr'><strong>tionum</strong></span> <span class='ocrx_word' id='word_1_187' title='bbox 1419 2773 1526 2851; x_wconf 83' lang='lat' dir='ltr'><strong>videt,</strong></span> <span class='ocrx_word' id='word_1_188' title='bbox 1557 2773 1763 2855; x_wconf 68' lang='lat' dir='ltr'><strong>additumque</strong></span> <span class='ocrx_word' id='word_1_189' title='bbox 1790 2771 1884 2854; x_wconf 71' lang='lat' dir='ltr'><strong>juxta</strong></span> <span class='ocrx_word' id='word_1_190' title='bbox 1912 2769 2010 2832; x_wconf 84' lang='lat' dir='ltr'><strong>Octa·</strong></span> 
     </span>
    </p>

    <p class='ocr_par' dir='ltr' id='par_1_12' title="bbox 450 2871 2014 3162">
     <span class='ocr_line' id='line_1_25' title="bbox 514 2871 2014 2960; baseline -0.003 -24"><span class='ocrx_word' id='word_1_191' title='bbox 514 2878 551 2936; x_wconf 89' lang='lat' dir='ltr'><strong>ln</strong></span> <span class='ocrx_word' id='word_1_192' title='bbox 582 2875 665 2938; x_wconf 91' lang='lat' dir='ltr'><strong>hanc</strong></span> <span class='ocrx_word' id='word_1_193' title='bbox 692 2892 866 2935; x_wconf 87' lang='lat' dir='ltr'><strong>numerum</strong></span> <span class='ocrx_word' id='word_1_194' title='bbox 898 2871 1035 2937; x_wconf 80' lang='lat' dir='ltr'><strong>classem</strong></span> <span class='ocrx_word' id='word_1_195' title='bbox 1066 2873 1201 2959; x_wconf 84' lang='lat' dir='ltr'><strong>copiose</strong></span> <span class='ocrx_word' id='word_1_196' title='bbox 1254 2876 1362 2948; x_wconf 76' lang='lat' dir='ltr'><strong>oium,</strong></span> <span class='ocrx_word' id='word_1_197' title='bbox 1409 2894 1493 2960; x_wconf 90' lang='lat' dir='ltr'><strong>quae</strong></span> <span class='ocrx_word' id='word_1_198' title='bbox 1537 2874 1716 2936; x_wconf 81' lang='lat' dir='ltr'><strong>Antonium</strong></span> <span class='ocrx_word' id='word_1_199' title='bbox 1757 2872 1927 2948; x_wconf 88' lang='lat' dir='ltr'><strong>maritum,</strong></span> <span class='ocrx_word' id='word_1_200' title='bbox 1976 2884 2014 2932; x_wconf 85' lang='lat' dir='ltr'><strong>ct·</strong></span> 
     </span>
     <span class='ocr_line' id='line_1_26' title="bbox 451 2961 2008 3058; baseline -0.004 -18"><span class='ocrx_word' id='word_1_201' title='bbox 451 2976 660 3040; x_wconf 85' lang='lat' dir='ltr'><strong>commentati</strong></span> <span class='ocrx_word' id='word_1_202' title='bbox 699 2989 773 3038; x_wconf 85' lang='lat' dir='ltr'><strong>sont</strong></span> <span class='ocrx_word' id='word_1_203' title='bbox 813 2975 976 3058; x_wconf 78' lang='lat' dir='ltr'><strong>Seguinus</strong></span> <span class='ocrx_word' id='word_1_204' title='bbox 1007 2978 1054 3058; x_wconf 83' lang='lat'><strong>¹),</strong></span> <span class='ocrx_word' id='word_1_205' title='bbox 1098 2978 1202 3041; x_wconf 84' lang='lat' dir='ltr'><strong>Pane·</strong></span> <span class='ocrx_word' id='word_1_206' title='bbox 1259 2961 1474 3043; x_wconf 79' lang='lat' dir='ltr'><strong>Octavianum</strong></span> <span class='ocrx_word' id='word_1_207' title='bbox 1511 2975 1647 3038; x_wconf 84' lang='lat' dir='ltr'><strong>fratrem</strong></span> <span class='ocrx_word' id='word_1_208' title='bbox 1684 2973 1831 3058; x_wconf 84' lang='lat' dir='ltr'><strong>respicit.</strong></span> <span class='ocrx_word' id='word_1_209' title='bbox 1875 2975 2008 3035; x_wconf 76' lang='lat' dir='ltr'><strong>Mazzo·</strong></span> 
     </span>
     <span class='ocr_line' id='line_1_27' title="bbox 450 3075 2008 3162; baseline -0.004 -22"><span class='ocrx_word' id='word_1_210' title='bbox 450 3078 514 3142; x_wconf 87' lang='lat' dir='ltr'><strong>lius</strong></span> <span class='ocrx_word' id='word_1_211' title='bbox 536 3077 585 3160; x_wconf 82' lang='lat' dir='ltr'><strong>b)‚</strong></span> <span class='ocrx_word' id='word_1_212' title='bbox 607 3077 802 3145; x_wconf 84' lang='lat' dir='ltr'><strong>Voilluntius</strong></span> <span class='ocrx_word' id='word_1_213' title='bbox 818 3083 865 3159; x_wconf 78' lang='lat' dir='ltr'><strong>e),</strong></span> <span class='ocrx_word' id='word_1_214' title='bbox 891 3077 1135 3162; x_wconf 77' lang='lat' dir='ltr'><strong>Havercampus</strong></span> <span class='ocrx_word' id='word_1_215' title='bbox 1151 3078 1200 3159; x_wconf 81' lang='lat' dir='ltr'><strong>d),</strong></span> <span class='ocrx_word' id='word_1_216' title='bbox 1255 3078 1328 3143; x_wconf 86' lang='lat' dir='ltr'><strong>leni</strong></span> <span class='ocrx_word' id='word_1_217' title='bbox 1366 3091 1557 3162; x_wconf 76' lang='lat' dir='ltr'><strong>argumenta</strong></span> <span class='ocrx_word' id='word_1_218' title='bbox 1596 3075 1773 3159; x_wconf 86' lang='lat' dir='ltr'><strong>praecipua</strong></span> <span class='ocrx_word' id='word_1_219' title='bbox 1813 3087 1907 3137; x_wconf 77' lang='lat' dir='ltr'><strong>sunt:</strong></span> <span class='ocrx_word' id='word_1_220' title='bbox 1957 3075 2008 3135; x_wconf 80' lang='lat' dir='ltr'><strong>Ex</strong></span> 
     </span>
    </p>
   </div>
   <div class='ocr_carea' id='block_1_7' title="bbox 441 3175 2008 3266">
    <p class='ocr_par' dir='ltr' id='par_1_13' title="bbox 441 3175 2008 3266">
     <span class='ocr_line' id='line_1_28' title="bbox 441 3175 2008 3266; baseline -0.003 -25"><span class='ocrx_word' id='word_1_221' title='bbox 441 3179 572 3263; x_wconf 80' lang='lat' dir='ltr'><strong>¹aliique</strong></span> <span class='ocrx_word' id='word_1_222' title='bbox 596 3178 700 3260; x_wconf 88' lang='lat' dir='ltr'><strong>pauci.</strong></span> <span class='ocrx_word' id='word_1_223' title='bbox 734 3177 919 3240; x_wconf 83' lang='lat' dir='ltr'><strong>Novissime</strong></span> <span class='ocrx_word' id='word_1_224' title='bbox 941 3200 1013 3242; x_wconf 86' lang='lat' dir='ltr'><strong>oum</strong></span> <span class='ocrx_word' id='word_1_225' title='bbox 1037 3181 1201 3242; x_wconf 87' lang='lat' dir='ltr'><strong>illustrun·</strong></span> <span class='ocrx_word' id='word_1_226' title='bbox 1253 3179 1348 3266; x_wconf 80' lang='lat' dir='ltr'><strong>&#39;ipso,</strong></span> <span class='ocrx_word' id='word_1_227' title='bbox 1385 3179 1508 3264; x_wconf 87' lang='lat' dir='ltr'><strong>inquit,</strong></span> <span class='ocrx_word' id='word_1_228' title='bbox 1546 3177 1690 3264; x_wconf 81' lang='lat' dir='ltr'><strong>signatae</strong></span> <span class='ocrx_word' id='word_1_229' title='bbox 1723 3175 1820 3260; x_wconf 89' lang='lat' dir='ltr'><strong>hujos</strong></span> <span class='ocrx_word' id='word_1_230' title='bbox 1854 3188 2008 3240; x_wconf 81' lang='lat' dir='ltr'><strong>monetae</strong></span> 
     </span>
    </p>
   </div>
   <div class='ocr_carea' id='block_1_8' title="bbox 588 1998 1013 2083">
    <p class='ocr_par' dir='ltr' id='par_1_14' title="bbox 588 1998 1013 2083">
     <span class='ocr_line' id='line_1_29' title="bbox 588 1998 1013 2083; baseline 0 -24"><span class='ocrx_word' id='word_1_231' title='bbox 588 2032 589 2043; x_wconf 60' lang='lat'><strong>.</strong></span> <span class='ocrx_word' id='word_1_232' title='bbox 638 1998 837 2083; x_wconf 72' lang='lat' dir='ltr'><strong>Proefictus</strong></span> <span class='ocrx_word' id='word_1_233' title='bbox 854 1998 1013 2061; x_wconf 79' lang='lat' dir='ltr'><strong>incertus.</strong></span> 
     </span>
    </p>
   </div>
   <div class='ocr_carea' id='block_1_9' title="bbox 452 3276 2105 3373">
    <p class='ocr_par' dir='ltr' id='par_1_15' title="bbox 452 3276 2105 3373">
     <span class='ocr_line' id='line_1_30' title="bbox 452 3276 2105 3373; baseline -0.001 -33"><span class='ocrx_word' id='word_1_234' title='bbox 452 3277 525 3340; x_wconf 88' lang='lat' dir='ltr'><strong>dam</strong></span> <span class='ocrx_word' id='word_1_235' title='bbox 552 3278 695 3359; x_wconf 83' lang='lat' dir='ltr'><strong>suscepit</strong></span> <span class='ocrx_word' id='word_1_236' title='bbox 723 3276 869 3339; x_wconf 81' lang='lat' dir='ltr'><strong>eruditus</strong></span> <span class='ocrx_word' id='word_1_237' title='bbox 896 3279 1006 3345; x_wconf 79' lang='lat' dir='ltr'><strong>Abbas</strong></span> <span class='ocrx_word' id='word_1_238' title='bbox 1031 3280 1200 3343; x_wconf 84' lang='lat' dir='ltr'><strong>Mazzole·</strong></span> <span class='ocrx_word' id='word_1_239' title='bbox 1257 3296 1409 3367; x_wconf 84' lang='lat' dir='ltr'><strong>tempore</strong></span> <span class='ocrx_word' id='word_1_240' title='bbox 1435 3283 1606 3366; x_wconf 85' lang='lat' dir='ltr'><strong>consequi,</strong></span> <span class='ocrx_word' id='word_1_241' title='bbox 1634 3279 1740 3364; x_wconf 85' lang='lat' dir='ltr'><strong>capita</strong></span> <span class='ocrx_word' id='word_1_242' title='bbox 1763 3279 1846 3342; x_wconf 84' lang='lat' dir='ltr'><strong>haec</strong></span> <span class='ocrx_word' id='word_1_243' title='bbox 1868 3279 2009 3360; x_wconf 81' lang='lat' dir='ltr'><strong>Cleopa·</strong></span> <span class='ocrx_word' id='word_1_244' title='bbox 2104 3294 2105 3373; x_wconf 8' lang='grc' dir='ltr'>ἐ</span> 
     </span>
    </p>
   </div>
   <div class='ocr_carea' id='block_1_10' title="bbox 343 3368 2010 3466">
    <p class='ocr_par' dir='ltr' id='par_1_16' title="bbox 343 3368 2010 3466">
     <span class='ocr_line' id='line_1_31' title="bbox 343 3368 2010 3466; baseline 0.002 -28"><span class='ocrx_word' id='word_1_245' title='bbox 343 3368 353 3380; x_wconf 74' lang='grc'><strong>’</strong></span> <span class='ocrx_word' id='word_1_246' title='bbox 413 3373 417 3382; x_wconf 77' lang='grc'><strong>“</strong></span> <span class='ocrx_word' id='word_1_247' title='bbox 450 3399 511 3439; x_wconf 81' lang='lat' dir='ltr'><strong>uuo</strong></span> <span class='ocrx_word' id='word_1_248' title='bbox 537 3390 688 3441; x_wconf 83' lang='lat' dir='ltr'><strong>contenta</strong></span> <span class='ocrx_word' id='word_1_249' title='bbox 709 3375 800 3462; x_wconf 68' lang='lat' dir='ltr'><strong>larga</strong></span> <span class='ocrx_word' id='word_1_250' title='bbox 828 3379 1074 3458; x_wconf 80' lang='lat' dir='ltr'><strong>dissertatione,</strong></span> <span class='ocrx_word' id='word_1_251' title='bbox 1103 3402 1199 3465; x_wconf 87' lang='lat' dir='ltr'><strong>qnam</strong></span> <span class='ocrx_word' id='word_1_252' title='bbox 1255 3397 1340 3445; x_wconf 79' lang='lat' dir='ltr'><strong>tram</strong></span> <span class='ocrx_word' id='word_1_253' title='bbox 1361 3383 1492 3447; x_wconf 80' lang='lat' dir='ltr'><strong>referre</strong></span> <span class='ocrx_word' id='word_1_254' title='bbox 1517 3404 1584 3446; x_wconf 87' lang='lat' dir='ltr'><strong>non</strong></span> <span class='ocrx_word' id='word_1_255' title='bbox 1605 3403 1714 3466; x_wconf 86' lang='lat' dir='ltr'><strong>posse.</strong></span> <span class='ocrx_word' id='word_1_256' title='bbox 1744 3383 1828 3443; x_wconf 86' lang='lat' dir='ltr'><strong>Nam</strong></span> <span class='ocrx_word' id='word_1_257' title='bbox 1850 3400 1928 3442; x_wconf 86' lang='lat' dir='ltr'><strong>cum</strong></span> <span class='ocrx_word' id='word_1_258' title='bbox 1952 3380 2010 3442; x_wconf 87' lang='lat' dir='ltr'><strong>ho·</strong></span> 
     </span>
    </p>
   </div>
   <div class='ocr_carea' id='block_1_11' title="bbox 439 3477 2011 4074">
    <p class='ocr_par' dir='ltr' id='par_1_17' title="bbox 439 3477 2011 4074">
     <span class='ocr_line' id='line_1_32' title="bbox 451 3477 2009 3570; baseline 0.001 -29"><span class='ocrx_word' id='word_1_259' title='bbox 451 3477 599 3562; x_wconf 83' lang='lat' dir='ltr'><strong>reperias</strong></span> <span class='ocrx_word' id='word_1_260' title='bbox 627 3477 660 3538; x_wconf 93' lang='lat' dir='ltr'><strong>in</strong></span> <span class='ocrx_word' id='word_1_261' title='bbox 684 3480 759 3562; x_wconf 85' lang='lat' dir='ltr'><strong>ejus</strong></span> <span class='ocrx_word' id='word_1_262' title='bbox 788 3481 1134 3546; x_wconf 80' lang='lat' dir='ltr'><strong>Animadversionibna</strong></span> <span class='ocrx_word' id='word_1_263' title='bbox 1163 3484 1199 3544; x_wconf 82' lang='lat' dir='ltr'><strong>iu</strong></span> <span class='ocrx_word' id='word_1_264' title='bbox 1250 3505 1330 3547; x_wconf 84' lang='lat' dir='ltr'><strong>rum</strong></span> <span class='ocrx_word' id='word_1_265' title='bbox 1362 3484 1513 3548; x_wconf 87' lang='lat' dir='ltr'><strong>nonnulli</strong></span> <span class='ocrx_word' id='word_1_266' title='bbox 1540 3483 1658 3570; x_wconf 80' lang='lat' dir='ltr'><strong>signati</strong></span> <span class='ocrx_word' id='word_1_267' title='bbox 1685 3483 1749 3567; x_wconf 87' lang='lat' dir='ltr'><strong>jam</strong></span> <span class='ocrx_word' id='word_1_268' title='bbox 1780 3482 1845 3545; x_wconf 88' lang='lat' dir='ltr'><strong>sint</strong></span> <span class='ocrx_word' id='word_1_269' title='bbox 1867 3483 1948 3546; x_wconf 89' lang='lat' dir='ltr'><strong>inde</strong></span> <span class='ocrx_word' id='word_1_270' title='bbox 1964 3481 2009 3544; x_wconf 76' lang='lat' dir='ltr'><strong>&#39;uls</strong></span> 
     </span>
     <span class='ocr_line' id='line_1_33' title="bbox 450 3579 2010 3673; baseline 0.003 -31"><span class='ocrx_word' id='word_1_271' title='bbox 450 3601 567 3643; x_wconf 83' lang='lat' dir='ltr'><strong>nomos</strong></span> <span class='ocrx_word' id='word_1_272' title='bbox 593 3581 698 3644; x_wconf 84' lang='lat' dir='ltr'><strong>musei</strong></span> <span class='ocrx_word' id='word_1_273' title='bbox 719 3583 828 3644; x_wconf 83' lang='lat' dir='ltr'><strong>Pisani</strong></span> <span class='ocrx_word' id='word_1_274' title='bbox 854 3605 926 3668; x_wconf 80' lang='lat' dir='ltr'><strong>pag.</strong></span> <span class='ocrx_word' id='word_1_275' title='bbox 945 3585 1013 3650; x_wconf 72' lang='lat'><strong>163.</strong></span> <span class='ocrx_word' id='word_1_276' title='bbox 1044 3586 1088 3648; x_wconf 80' lang='lat' dir='ltr'><strong>At</strong></span> <span class='ocrx_word' id='word_1_277' title='bbox 1115 3606 1198 3650; x_wconf 77' lang='lat' dir='ltr'><strong>vero</strong></span> <span class='ocrx_word' id='word_1_278' title='bbox 1250 3605 1342 3648; x_wconf 71' lang='lat' dir='ltr'><strong>enno</strong></span> <span class='ocrx_word' id='word_1_279' title='bbox 1361 3587 1452 3653; x_wconf 79' lang='lat' dir='ltr'><strong>V.C.</strong></span> <span class='ocrx_word' id='word_1_280' title='bbox 1469 3588 1551 3670; x_wconf 80' lang='lat'><strong>715,</strong></span> <span class='ocrx_word' id='word_1_281' title='bbox 1569 3587 1658 3673; x_wconf 88' lang='lat' dir='ltr'><strong>quod</strong></span> <span class='ocrx_word' id='word_1_282' title='bbox 1673 3607 1713 3651; x_wconf 79' lang='lat' dir='ltr'><strong>ex</strong></span> <span class='ocrx_word' id='word_1_283' title='bbox 1728 3583 1835 3648; x_wconf 85' lang='lat' dir='ltr'><strong>literis</strong></span> <span class='ocrx_word' id='word_1_284' title='bbox 1861 3584 1906 3648; x_wconf 73' lang='lat' dir='ltr'><strong>A.</strong></span> <span class='ocrx_word' id='word_1_285' title='bbox 1918 3583 1959 3650; x_wconf 89' lang='grc' dir='ltr'><strong>Β.</strong></span> <span class='ocrx_word' id='word_1_286' title='bbox 1968 3579 2010 3646; x_wconf 90' lang='grc' dir='ltr'><strong>Γ.</strong></span> 
     </span>
     <span class='ocr_line' id='line_1_34' title="bbox 439 3683 2011 3772; baseline 0.003 -29"><span class='ocrx_word' id='word_1_287' title='bbox 439 3683 484 3748; x_wconf 60' lang='grc' dir='ltr'><strong>4ἱιι</strong></span> <span class='ocrx_word' id='word_1_288' title='bbox 503 3683 651 3747; x_wconf 83' lang='lat' dir='ltr'><strong>omnihus</strong></span> <span class='ocrx_word' id='word_1_289' title='bbox 674 3684 723 3746; x_wconf 87' lang='lat' dir='ltr'><strong>his</strong></span> <span class='ocrx_word' id='word_1_290' title='bbox 745 3685 950 3749; x_wconf 85' lang='lat' dir='ltr'><strong>eruditorum</strong></span> <span class='ocrx_word' id='word_1_291' title='bbox 969 3687 1199 3751; x_wconf 87' lang='lat' dir='ltr'><strong>tentaminibus</strong></span> <span class='ocrx_word' id='word_1_292' title='bbox 1258 3686 1287 3749; x_wconf 84' lang='grc' dir='ltr'>Δ</span> <span class='ocrx_word' id='word_1_293' title='bbox 1304 3687 1484 3772; x_wconf 79' lang='lat' dir='ltr'><strong>colligitur,</strong></span> <span class='ocrx_word' id='word_1_294' title='bbox 1504 3688 1622 3771; x_wconf 88' lang='lat' dir='ltr'><strong>quibus</strong></span> <span class='ocrx_word' id='word_1_295' title='bbox 1638 3687 1777 3752; x_wconf 86' lang='lat' dir='ltr'><strong>iudicari</strong></span> <span class='ocrx_word' id='word_1_296' title='bbox 1793 3706 1897 3750; x_wconf 83' lang='lat' dir='ltr'><strong>annos</strong></span> <span class='ocrx_word' id='word_1_297' title='bbox 1914 3705 2011 3770; x_wconf 87' lang='lat' dir='ltr'><strong>prae·</strong></span> 
     </span>
     <span class='ocr_line' id='line_1_35' title="bbox 449 3783 2010 3874; baseline 0.004 -30"><span class='ocrx_word' id='word_1_298' title='bbox 449 3783 525 3867; x_wconf 87' lang='lat' dir='ltr'><strong>plus</strong></span> <span class='ocrx_word' id='word_1_299' title='bbox 548 3798 700 3864; x_wconf 85' lang='lat' dir='ltr'><strong>conatus,</strong></span> <span class='ocrx_word' id='word_1_300' title='bbox 731 3808 825 3871; x_wconf 88' lang='lat' dir='ltr'><strong>quam</strong></span> <span class='ocrx_word' id='word_1_301' title='bbox 855 3787 1024 3872; x_wconf 84' lang='lat' dir='ltr'><strong>profectus</strong></span> <span class='ocrx_word' id='word_1_302' title='bbox 1052 3789 1198 3874; x_wconf 81' lang='lat' dir='ltr'><strong>reperio.</strong></span> <span class='ocrx_word' id='word_1_303' title='bbox 1255 3789 1405 3852; x_wconf 83' lang='lat' dir='ltr'><strong>foeturae</strong></span> <span class='ocrx_word' id='word_1_304' title='bbox 1438 3789 1474 3850; x_wconf 88' lang='lat' dir='ltr'><strong>in</strong></span> <span class='ocrx_word' id='word_1_305' title='bbox 1500 3790 1637 3874; x_wconf 78' lang='lat' dir='ltr'><strong>singulis</strong></span> <span class='ocrx_word' id='word_1_306' title='bbox 1666 3788 1844 3874; x_wconf 81' lang='lat' dir='ltr'><strong>praelectis</strong></span> <span class='ocrx_word' id='word_1_307' title='bbox 1878 3789 2010 3861; x_wconf 80' lang='lat' dir='ltr'><strong>statuit,</strong></span> 
     </span>
     <span class='ocr_line' id='line_1_36' title="bbox 449 3885 2010 3977; baseline 0.001 -27"><span class='ocrx_word' id='word_1_308' title='bbox 449 3889 488 3950; x_wconf 91' lang='lat' dir='ltr'><strong>ln</strong></span> <span class='ocrx_word' id='word_1_309' title='bbox 510 3907 606 3950; x_wconf 86' lang='lat' dir='ltr'><strong>causa</strong></span> <span class='ocrx_word' id='word_1_310' title='bbox 628 3899 696 3963; x_wconf 87' lang='lat' dir='ltr'><strong>est,</strong></span> <span class='ocrx_word' id='word_1_311' title='bbox 726 3908 799 3950; x_wconf 88' lang='lat' dir='ltr'><strong>oum</strong></span> <span class='ocrx_word' id='word_1_312' title='bbox 830 3888 918 3974; x_wconf 89' lang='lat' dir='ltr'><strong>quod</strong></span> <span class='ocrx_word' id='word_1_313' title='bbox 944 3890 1084 3954; x_wconf 88' lang='lat' dir='ltr'><strong>aliorum</strong></span> <span class='ocrx_word' id='word_1_314' title='bbox 1112 3892 1200 3955; x_wconf 88' lang='lat' dir='ltr'><strong>simi·</strong></span> <span class='ocrx_word' id='word_1_315' title='bbox 1256 3885 1438 3958; x_wconf 78' lang='lat' dir='ltr'><strong>verisimile</strong></span> <span class='ocrx_word' id='word_1_316' title='bbox 1455 3911 1521 3954; x_wconf 88' lang='lat' dir='ltr'><strong>non</strong></span> <span class='ocrx_word' id='word_1_317' title='bbox 1536 3911 1623 3971; x_wconf 85' lang='lat' dir='ltr'><strong>esse,</strong></span> <span class='ocrx_word' id='word_1_318' title='bbox 1636 3912 1702 3977; x_wconf 88' lang='lat' dir='ltr'><strong>quo</strong></span> <span class='ocrx_word' id='word_1_319' title='bbox 1718 3905 1872 3973; x_wconf 88' lang='lat' dir='ltr'><strong>temporo</strong></span> <span class='ocrx_word' id='word_1_320' title='bbox 1891 3912 2010 3975; x_wconf 82' lang='lat' dir='ltr'><strong>magna</strong></span> 
     </span>
     <span class='ocr_line' id='line_1_37' title="bbox 449 3985 2010 4074; baseline 0.003 -26"><span class='ocrx_word' id='word_1_321' title='bbox 449 3985 530 4048; x_wconf 87' lang='lat' dir='ltr'><strong>llum</strong></span> <span class='ocrx_word' id='word_1_322' title='bbox 547 3987 691 4050; x_wconf 85' lang='lat' dir='ltr'><strong>subsidio</strong></span> <span class='ocrx_word' id='word_1_323' title='bbox 710 3988 803 4052; x_wconf 81' lang='lat' dir='ltr'><strong>nobis</strong></span> <span class='ocrx_word' id='word_1_324' title='bbox 822 4009 902 4074; x_wconf 86' lang='lat' dir='ltr'><strong>opus</strong></span> <span class='ocrx_word' id='word_1_325' title='bbox 922 3990 1027 4056; x_wconf 80' lang='lat' dir='ltr'><strong>adhuc</strong></span> <span class='ocrx_word' id='word_1_326' title='bbox 1046 4007 1112 4071; x_wconf 85' lang='lat' dir='ltr'><strong>est,</strong></span> <span class='ocrx_word' id='word_1_327' title='bbox 1129 4007 1198 4056; x_wconf 88' lang='lat' dir='ltr'><strong>tum</strong></span> <span class='ocrx_word' id='word_1_328' title='bbox 1249 3992 1425 4057; x_wconf 74' lang='lat' dir='ltr'><strong>‘constabat</strong></span> <span class='ocrx_word' id='word_1_329' title='bbox 1457 3993 1596 4058; x_wconf 80' lang='lat' dir='ltr'><strong>amicitia</strong></span> <span class='ocrx_word' id='word_1_330' title='bbox 1627 3994 1804 4056; x_wconf 75' lang='lat' dir='ltr'><strong>Antonium</strong></span> <span class='ocrx_word' id='word_1_331' title='bbox 1841 3992 1933 4056; x_wconf 87' lang='lat' dir='ltr'><strong>inter</strong></span> <span class='ocrx_word' id='word_1_332' title='bbox 1972 4013 2010 4054; x_wconf 87' lang='lat' dir='ltr'><strong>ao</strong></span> 
     </span>
    </p>
   </div>
   <div class='ocr_carea' id='block_1_12' title="bbox 376 4083 2033 4181">
    <p class='ocr_par' dir='ltr' id='par_1_18' title="bbox 376 4083 2033 4181">
     <span class='ocr_line' id='line_1_38' title="bbox 376 4083 2033 4181; baseline 0.005 -32"><span class='ocrx_word' id='word_1_333' title='bbox 376 4083 378 4090; x_wconf 73' lang='lat'>&#39;</span> <span class='ocrx_word' id='word_1_334' title='bbox 451 4089 537 4172; x_wconf 85' lang='lat' dir='ltr'><strong>quod</strong></span> <span class='ocrx_word' id='word_1_335' title='bbox 567 4089 609 4166; x_wconf 90' lang='lat' dir='ltr'><strong>ii,</strong></span> <span class='ocrx_word' id='word_1_336' title='bbox 635 4089 691 4172; x_wconf 88' lang='lat' dir='ltr'><strong>qui</strong></span> <span class='ocrx_word' id='word_1_337' title='bbox 719 4089 759 4151; x_wconf 87' lang='lat' dir='ltr'><strong>ud</strong></span> <span class='ocrx_word' id='word_1_338' title='bbox 788 4109 847 4154; x_wconf 87' lang='lat' dir='ltr'><strong>nou</strong></span> <span class='ocrx_word' id='word_1_339' title='bbox 877 4112 1080 4174; x_wconf 81' lang='lat' dir='ltr'><strong>pervenere,</strong></span> <span class='ocrx_word' id='word_1_340' title='bbox 1112 4096 1198 4160; x_wconf 86' lang='lat' dir='ltr'><strong>male</strong></span> <span class='ocrx_word' id='word_1_341' title='bbox 1256 4096 1597 4181; x_wconf 82' lang='lat' dir='ltr'><strong>Caesarem,·ugente</strong></span> <span class='ocrx_word' id='word_1_342' title='bbox 1622 4096 1827 4179; x_wconf 86' lang='lat' dir='ltr'><strong>potissimum</strong></span> <span class='ocrx_word' id='word_1_343' title='bbox 1851 4094 2033 4170; x_wconf 69' lang='grc' dir='ltr'><strong>Οοῐειῑὶε,ι</strong></span> 
     </span>
    </p>
   </div>
   <div class='ocr_carea' id='block_1_13' title="bbox 449 4189 2012 4588">
    <p class='ocr_par' dir='ltr' id='par_1_19' title="bbox 449 4189 2012 4588">
     <span class='ocr_line' id='line_1_39' title="bbox 451 4189 2012 4290; baseline 0.003 -38"><span class='ocrx_word' id='word_1_344' title='bbox 451 4191 646 4275; x_wconf 87' lang='lat' dir='ltr'><strong>plerumque</strong></span> <span class='ocrx_word' id='word_1_345' title='bbox 675 4189 715 4252; x_wconf 85' lang='lat' dir='ltr'><strong>ab</strong></span> <span class='ocrx_word' id='word_1_346' title='bbox 742 4192 815 4253; x_wconf 87' lang='lat' dir='ltr'><strong>aevi</strong></span> <span class='ocrx_word' id='word_1_347' title='bbox 840 4191 966 4275; x_wconf 76' lang='lat' dir='ltr'><strong>injuriis</strong></span> <span class='ocrx_word' id='word_1_348' title='bbox 989 4195 1091 4258; x_wconf 79' lang='lat' dir='ltr'><strong>habiri</strong></span> <span class='ocrx_word' id='word_1_349' title='bbox 1113 4211 1197 4263; x_wconf 88' lang='lat' dir='ltr'><strong>sunt.</strong></span> <span class='ocrx_word' id='word_1_350' title='bbox 1257 4219 1409 4263; x_wconf 81' lang='lat' dir='ltr'><strong>ausurum</strong></span> <span class='ocrx_word' id='word_1_351' title='bbox 1430 4197 1532 4264; x_wconf 79' lang='lat' dir='ltr'><strong>fuisse</strong></span> <span class='ocrx_word' id='word_1_352' title='bbox 1552 4198 1731 4262; x_wconf 76' lang='lat' dir='ltr'><strong>Antonium</strong></span> <span class='ocrx_word' id='word_1_353' title='bbox 1751 4195 1939 4290; x_wconf 65' lang='lat' dir='ltr'><strong>posthabita</strong></span> <span class='ocrx_word' id='word_1_354' title='bbox 1956 4194 2012 4270; x_wconf 29' lang='lat' dir='ltr'><strong>,le-</strong></span> 
     </span>
     <span class='ocr_line' id='line_1_40' title="bbox 450 4289 2010 4385; baseline 0.006 -32"><span class='ocrx_word' id='word_1_355' title='bbox 450 4289 526 4384; x_wconf 83' lang='lat' dir='ltr'><strong>Quo</strong></span> <span class='ocrx_word' id='word_1_356' title='bbox 554 4293 693 4366; x_wconf 83' lang='lat' dir='ltr'><strong>iactum,</strong></span> <span class='ocrx_word' id='word_1_357' title='bbox 723 4303 847 4353; x_wconf 88' lang='lat' dir='ltr'><strong>utnon</strong></span> <span class='ocrx_word' id='word_1_358' title='bbox 869 4293 968 4357; x_wconf 88' lang='lat' dir='ltr'><strong>modo</strong></span> <span class='ocrx_word' id='word_1_359' title='bbox 990 4311 1141 4361; x_wconf 85' lang='lat' dir='ltr'><strong>auctores</strong></span> <span class='ocrx_word' id='word_1_360' title='bbox 1163 4300 1200 4360; x_wconf 90' lang='lat' dir='ltr'><strong>hi</strong></span> <span class='ocrx_word' id='word_1_361' title='bbox 1257 4300 1369 4383; x_wconf 80' lang='lat' dir='ltr'><strong>gitimo</strong></span> <span class='ocrx_word' id='word_1_362' title='bbox 1386 4321 1493 4366; x_wconf 80' lang='lat' dir='ltr'><strong>uxore</strong></span> <span class='ocrx_word' id='word_1_363' title='bbox 1512 4300 1641 4385; x_wconf 86' lang='lat' dir='ltr'><strong>pellicis</strong></span> <span class='ocrx_word' id='word_1_364' title='bbox 1657 4300 1857 4384; x_wconf 81' lang='lat' dir='ltr'><strong>Cleopatrae</strong></span> <span class='ocrx_word' id='word_1_365' title='bbox 1877 4299 2010 4364; x_wconf 76' lang='lat' dir='ltr'><strong>rutrum</strong></span> 
     </span>
     <span class='ocr_line' id='line_1_41' title="bbox 449 4392 2011 4486; baseline 0.009 -35"><span class='ocrx_word' id='word_1_366' title='bbox 449 4392 537 4455; x_wconf 85' lang='lat' dir='ltr'><strong>inter</strong></span> <span class='ocrx_word' id='word_1_367' title='bbox 558 4413 610 4470; x_wconf 81' lang='lat' dir='ltr'><strong>ee,</strong></span> <span class='ocrx_word' id='word_1_368' title='bbox 639 4412 816 4477; x_wconf 81' lang='lat' dir='ltr'><strong>secumque</strong></span> <span class='ocrx_word' id='word_1_369' title='bbox 843 4393 923 4478; x_wconf 86' lang='lat' dir='ltr'><strong>ipsis</strong></span> <span class='ocrx_word' id='word_1_370' title='bbox 952 4417 1049 4480; x_wconf 82' lang='lat' dir='ltr'><strong>saepo</strong></span> <span class='ocrx_word' id='word_1_371' title='bbox 1076 4398 1200 4463; x_wconf 86' lang='lat' dir='ltr'><strong>dissen-</strong></span> <span class='ocrx_word' id='word_1_372' title='bbox 1257 4421 1332 4464; x_wconf 87' lang='lat' dir='ltr'><strong>oum</strong></span> <span class='ocrx_word' id='word_1_373' title='bbox 1355 4423 1414 4466; x_wconf 89' lang='lat' dir='ltr'><strong>suo</strong></span> <span class='ocrx_word' id='word_1_374' title='bbox 1436 4403 1470 4464; x_wconf 88' lang='lat' dir='ltr'><strong>in</strong></span> <span class='ocrx_word' id='word_1_375' title='bbox 1491 4401 1600 4466; x_wconf 78' lang='lat' dir='ltr'><strong>numia</strong></span> <span class='ocrx_word' id='word_1_376' title='bbox 1621 4400 1766 4479; x_wconf 77' lang='lat' dir='ltr'><strong>sociare,</strong></span> <span class='ocrx_word' id='word_1_377' title='bbox 1785 4421 1906 4486; x_wconf 73' lang='lat' dir='ltr'><strong>troque</strong></span> <span class='ocrx_word' id='word_1_378' title='bbox 1932 4423 2011 4466; x_wconf 82' lang='lat' dir='ltr'><strong>eam</strong></span> 
     </span>
     <span class='ocr_line' id='line_1_42' title="bbox 449 4493 2010 4588; baseline 0.01 -36"><span class='ocrx_word' id='word_1_379' title='bbox 449 4493 567 4570; x_wconf 80' lang='lat' dir='ltr'><strong>tinent,</strong></span> <span class='ocrx_word' id='word_1_380' title='bbox 595 4495 655 4559; x_wconf 88' lang='lat' dir='ltr'><strong>sod</strong></span> <span class='ocrx_word' id='word_1_381' title='bbox 681 4509 715 4559; x_wconf 88' lang='lat' dir='ltr'><strong>et</strong></span> <span class='ocrx_word' id='word_1_382' title='bbox 740 4517 856 4559; x_wconf 86' lang='lat' dir='ltr'><strong>eorum</strong></span> <span class='ocrx_word' id='word_1_383' title='bbox 880 4495 1013 4561; x_wconf 86' lang='lat' dir='ltr'><strong>decreta</strong></span> <span class='ocrx_word' id='word_1_384' title='bbox 1034 4499 1068 4559; x_wconf 89' lang='lat' dir='ltr'><strong>iu</strong></span> <span class='ocrx_word' id='word_1_385' title='bbox 1090 4501 1199 4584; x_wconf 88' lang='lat' dir='ltr'><strong>conje·</strong></span> <span class='ocrx_word' id='word_1_386' title='bbox 1256 4523 1330 4566; x_wconf 90' lang='lat' dir='ltr'><strong>cum</strong></span> <span class='ocrx_word' id='word_1_387' title='bbox 1368 4505 1511 4570; x_wconf 84' lang='lat' dir='ltr'><strong>Antonio</strong></span> <span class='ocrx_word' id='word_1_388' title='bbox 1548 4504 1771 4588; x_wconf 84' lang='lat' dir='ltr'><strong>conjunctam,</strong></span> <span class='ocrx_word' id='word_1_389' title='bbox 1811 4505 1879 4568; x_wconf 85' lang='lat' dir='ltr'><strong>nisi</strong></span> <span class='ocrx_word' id='word_1_390' title='bbox 1918 4527 2010 4567; x_wconf 89' lang='lat' dir='ltr'><strong>anno</strong></span> 
     </span>
    </p>
   </div>
   <div class='ocr_carea' id='block_1_14' title="bbox 451 4637 2008 4848">
    <p class='ocr_par' dir='ltr' id='par_1_20' title="bbox 451 4637 2008 4848">
     <span class='ocr_line' id='line_1_43' title="bbox 452 4637 2000 4668; baseline 0.013 -20"><span class='ocrx_word' id='word_1_391' title='bbox 452 4637 2000 4668; x_wconf 84' lang='lat'><strong>--------—-—-—-———------—--......</strong></span> 
     </span>
     <span class='ocr_line' id='line_1_44' title="bbox 451 4700 2008 4846; baseline 0.013 -92"><span class='ocrx_word' id='word_1_392' title='bbox 451 4793 472 4846; x_wconf 64' lang='lat' dir='ltr'>F</span> <span class='ocrx_word' id='word_1_393' title='bbox 486 4702 517 4771; x_wconf 79' lang='lat' dir='ltr'><strong>a)</strong></span> <span class='ocrx_word' id='word_1_394' title='bbox 536 4700 596 4844; x_wconf 52' lang='lat' dir='ltr'><strong>Snpl.</strong></span> <span class='ocrx_word' id='word_1_395' title='bbox 611 4721 691 4845; x_wconf 68' lang='lat' dir='ltr'><strong>nltpm.</strong></span> <span class='ocrx_word' id='word_1_396' title='bbox 706 4705 807 4778; x_wconf 80' lang='lat' dir='ltr'><strong>p.106.</strong></span> <span class='ocrx_word' id='word_1_397' title='bbox 900 4703 1225 4781; x_wconf 45' lang='lat' dir='ltr'><strong>b&gt;Nunsuistp6a</strong></span> <span class='ocrx_word' id='word_1_398' title='bbox 1317 4711 1627 4786; x_wconf 83' lang='lat' dir='ltr'><strong>c)liist.Ptol.et·io</strong></span> <span class='ocrx_word' id='word_1_399' title='bbox 1641 4713 1811 4775; x_wconf 72' lang='lat' dir='ltr'><strong>Nouatum.</strong></span> <span class='ocrx_word' id='word_1_400' title='bbox 1909 4717 1945 4787; x_wconf 76' lang='lat' dir='ltr'><strong>d)</strong></span> <span class='ocrx_word' id='word_1_401' title='bbox 1968 4719 2008 4774; x_wconf 82' lang='lat' dir='ltr'><strong>ad</strong></span> 
     </span>
     <span class='ocr_line' id='line_1_45' title="bbox 477 4805 989 4848; baseline 0.016 -6"><span class='ocrx_word' id='word_1_402' title='bbox 477 4809 530 4846; x_wconf 83' lang='lat' dir='ltr'><strong>otn.</strong></span> <span class='ocrx_word' id='word_1_403' title='bbox 578 4807 659 4848; x_wconf 81' lang='lat' dir='ltr'><strong>ore.</strong></span> <span class='ocrx_word' id='word_1_404' title='bbox 981 4805 989 4824; x_wconf 52' lang='lat' dir='ltr'><strong>l</strong></span> 
     </span>
    </p>
   </div>
   <div class='ocr_carea' id='block_1_15' title="bbox 0 0 2138 5500">
    <p class='ocr_par' dir='ltr' id='par_1_21' title="bbox 0 0 2138 5500">
     <span class='ocr_line' id='line_1_46' title="bbox 0 0 2138 5500; baseline 0 0"><span class='ocrx_word' id='word_1_405' title='bbox 0 0 2138 5500; x_wconf 95' lang='lat' dir='ltr'><strong> </strong></span> 
     </span>
    </p>
   </div>
  </div>
 </body>
</html>
