4267 5500
730 632 783 707 tt.
814 630 1137 710 Atecotttv&
1545 626 1551 639 ’
1657 637 1704 717 05
1770 694 1774 699 ‚

164 822 250 869 susm
278 802 350 869 'sihi
380 803 564 869 Minervam
593 802 629 867 iu
664 802 905 870 matrimonium
960 802 1123 867 firmatam
1148 802 1225 871 vide
1250 802 1285 867 iu
1311 817 1442 869 moneta
1462 806 1625 871 Balaneae
1647 808 1705 889 Sy·

162 904 382 989 despondere,
404 906 556 990 ‘probare
585 926 622 969 se
650 904 739 969 istud
765 906 904 988 dixisse,
960 908 1042 976 rias.
1064 911 1116 973 Ne
1134 927 1217 974 sero
1236 921 1271 973 et
1288 908 1482 992 Cleopatrae
1501 931 1578 976 suae
1595 911 1703 975 eoele-

161 1022 191 1073 st
218 1008 308 1072 dotis
339 1009 473 1073 nomine
503 1008 654 1093 exegisse
676 1010 742 1073 118.
769 1008 906 1093 quadra·
961 1025 1031 1075 stes
1047 1010 1201 1075 deessent
1220 1010 1382 1085 honores,
1410 1032 1484 1076 sese
1501 1012 1536 1074 iu
1553 1013 1704 1097 Aegypto

162 1110 238 1195 gire.
264 1109 365 1173 Addit
381 1110 526 1187 Seneca,
544 1130 618 1173 oum
634 1110 730 1173 nimis
745 1110 833 1173 istud
846 1109 905 1174 du*
961 1112 1130 1176 Osiridem
1145 1126 1180 1176 et
1191 1112 1350 1175 Liberum
1366 1127 1511 1195 patrem,
1533 1116 1624 1178 illam
1641 1116 1706 1178 Lu·

160 1234 227 1277 rum
252 1210 438 1290 rideretur,
460 1212 698 1277 Graeculorum
720 1211 904 1298 quempiam
959 1232 1036 1278 nam
1053 1228 1088 1277 et
1105 1214 1224 1279 laidem
1241 1216 1411 1299 protessus
1428 1230 1490 1304 est.
1510 1218 1563 1281 Ex
1579 1236 1707 1282 succes·

161 1314 279 1379 dixisse
295 1314 456 1377 Antonio:
477 1310 700 1394 svess,o‘Zsu5
717 1338 772 1391 aas
788 1336 905 1399 μητερα
962 1316 1091 1381 auribus
1122 1318 1280 1382 Romanis
1307 1317 1466 1383 habemus
1497 1319 1596 1384 etiam
1626 1317 1714 1383 Bac?
1753 1318 1765 1323 ”

162 1432 196 1479 es
215 1412 363 1501 Σεμιλην
382 1414 518 1495 ἄπροικον
538 1412 624 1502 εἰχι,
649 1418 800 1481 domine!
828 1418 905 1501 Iup·
960 1416 1057 1481 mum
1072 1419 1185 1483 Caium
1197 1435 1418 1507 cognomento
1430 1421 1609 1507 caligulam
1620 1432 1707 1485 teste
1812 1444 1817 1451 ·

159 1524 244 1601 piter
262 1532 405 1581 matrem
424 1529 518 1580 tuam
539 1517 697 1581 Semelam
714 1521 902 1583 indotatam
959 1520 1131 1585 Athenaeo
1146 1522 1196 1603 ἃ).

161 1622 266 1683 desit.
291 1622 393 1695 Teste
411 1618 545 1683 Socrate
557 1619 690 1682 Rhodio
706 1618 790 1703 apud
806 1618 905 1685 Athe·
1024 1625 1078 1686 Da
1093 1624 1262 1708 utriusque
1282 1624 1378 1708 hujus
1394 1622 1484 1689 numi
1499 1636 1604 1686 aetate
1620 1620 1710 1686 aliud

162 1742 273 1785 meum
302 1724 332 1803 ¹)
358 1722 519 1785 Antonius
542 1722 613 1804 ipse
639 1721 727 1786 iuter
752 1743 906 1806 pompam
930 1730 938 1747 '
962 1723 1027 1788 dici
1043 1727 1174 1809 nequit,
1194 1726 1257 1788 nisi
1276 1727 1420 1811 signatos
1438 1724 1541 1787 luisse
1563 1730 1637 1786 ante
1655 1743 1710 1786 sn·

162 1822 351 1887 Bacchicam
378 1844 415 1886 se
438 1822 610 1908 praeconis
630 1842 714 1888 voce
738 1823 905 1887 Bacchum
961 1847 1039 1889 num
1062 1829 1106 1894 V.
1128 1828 1165 1893 C.
1187 1845 1271 1909 720,
1297 1826 1386 1912 quod
1412 1827 1511 1891 docet
1535 1824 1710 1907 inscriptus

161 1923 355 2011 proclamari
378 1924 484 2007 jussit.
513 1922 606 2017 Quae
631 1922 666 1983 in
691 1922 805 1987 eadem
832 1944 906 1987 can·
963 1929 1162 1993 consulatus.
1191 1930 1244 1991 De
1271 1942 1487 1992 controverso
1511 1926 1617 2010 capite
1640 1947 1711 1988 mu·
1823 1953 1832 1963 ·

161 2050 192 2091 sa
212 2028 320 2091 relect
341 2026 554 2100 Plutarchus,
586 2022 721 2087 hiennio
752 2038 826 2089 ante
855 2044 907 2087 ac·
962 2030 1062 2093 liebri
1079 2029 1248 2117 utriusque
1265 2029 1367 2109 numi,
1385 2031 1469 2093 sitne
1487 2028 1654 2107 Octaviae,
1670 2050 1710 2089 an

161 2128 281 2195 cidere.
334 2128 452 2190 Narrat
488 2125 576 2190 enim
606 2124 657 2207 ¹³),
703 2146 779 2188 euna
818 2125 906 2191 victo
963 2134 1182 2219 cleopatrae,
1197 2133 1349 2219 proxime
1370 2130 1614 2217 disputavimus.

160 2232 261 2293 Bruto
277 2230 312 2291 in
329 2229 439 2302 Asiam
455 2226 658 2313 proiectum,
672 2226 912 2312 Ephesumque
1324 2300 1345 2338 ⁴

161 2332 360 2415 ingressum,
389 2342 563 2413 exceptum
581 2350 598 2390 a
616 2327 746 2396 leminis
765 2327 910 2392 Baccha·
1221 2345 1242 2385 s
1428 2345 1450 2385 e

159 2452 251 2510 mm,
285 2432 405 2497 evitis
429 2430 606 2516 puerisque
631 2430 840 2513 Satyrorum,
872 2442 909 2493 et
1104 2432 1159 2504 M,
1180 2432 1446 2503 ANTmN100;
1475 2428 1711 2496 ΑΤΤΟΚΡΑ.

159 2534 281 2597 Panum
311 2546 445 2611 ornato,
471 2532 670 2617 appellatum
697 2532 803 2615 palam
827 2534 908 2595 Bac·
1105 2537 1223 2604 TtnP.
1236 2537 1346 2600 TPIT
1349 2536 1426 2603 ΟΝ.
1444 2531 1613 2600 TleN.
1629 2530 1710 2595 AN·

160 2634 255 2699 eltum
284 2634 481 2721 benignum,
503 2654 548 2699 ‘sc
576 2633 749 2711 blandum,
777 2631 911 2695 urbem·
1105 2635 1256 2703 APOJN.
1281 2640 1388 2721 Caput
1407 2641 1540 2702 nudum.

161 2757 224 2822 qne
254 2749 353 2801 totam
380 2735 523 2812 hedera,
557 2735 698 2818 thyrsis,
728 2734 907 2820 psalteriis,
962 2738 1223 2807 BACIAICCA,
1261 2734 1570 2806 ΚΛΕΟΠΑΤΡΑ,
1604 2735 1723 2806 ΘΕΑ,’

161 2837 293 2916 tistulis,
317 2839 407 2902 tibiis
427 2838 600 2922 repletam.
631 2840 705 2901 Hoc
731 2839 772 2900 de
798 2837 909 2922 Ephe·
962 2839 1209 2909 NetuTePA.
1223 2845 1330 2924 Caput
1340 2845 1535 2924 Cleopatrae
1545 2842 1713 2903 diadema·

162 2961 198 3002 eo
224 2940 443 3003 testimonium
467 2951 557 3002 tanto
581 2939 656 3022 plus
684 2939 787 3015 salet,
818 2937 907 3022 quod
964 2939 1712 3024 tum.AR.m.m.(Morelli,Vaill.HistPtol.)

161 3043 251 3104 mmi
271 3043 324 3121 hi,
348 3041 406 3126 qni
426 3041 604 3104 Antonium
624 3039 719 3104 nobis
740 3041 905 3104 Bacchum
1107 3039 1394 3110 nNtots'rssA.
1412 3041 1453 3105 Γ.
1471 3048 1650 3126 sinemo.

164 3143 332 3220 exhibent,
354 3144 472 3230 signati
488 3156 563 3205 sunt
581 3143 614 3203 in
634 3141 802 3225 provincis
818 3143 906 3220 Asia,
963 3135 1118 3206 BACllh
1133 3142 1238 3206 (eea,
1253 3141 1364 3210 NEA.
1379 3147 1452 3208 sine
1470 3155 1559 3228 typo.
1581 3143 1653 3208 ΑΕ.
1671 3141 1712 3206 11.

162 3245 196 3308 in
214 3267 275 3332 qna
290 3247 505 3332 Cistophoros
524 3265 639 3309 omnes
657 3245 766 3308 lucem
784 3243 907 3308 vidisse
966 3245 1116 3328 (Haym.)
1568 3321 1574 3330 ·

163 3361 286 3410 semum
307 3361 368 3414 cst.
399 3351 445 3410 At
466 3361 592 3412 constat
617 3347 729 3422 etiam,
751 3367 817 3409 non
844 3345 915 3428 pri·
1028 3347 1117 3410 Addi
1132 3344 1199 3409 -his
1226 3358 1381 3432 possuntt
1410 3345 1519 3409 numia
1546 3343 1637 3408 urbis
1667 3344 1714 3405 in·

163 3471 254 3512 mum
271 3451 369 3514 luisse
386 3447 581 3526 Antoniam,
606 3448 660 3511 cni
676 3447 776 3511 iidem
796 3448 909 3512 Asiani
966 3463 1080 3513 certae
1120 3469 1195 3512 cum
1230 3470 1315 3512 anno
1357 3447 1503 3533 epochae
1546 3445 1711 3509 incertaes

163 3551 282 3616 aeeon
307 3551 453 3616 nonem
484 3571 597 3615 omnes
625 3549 801 3631 anatem·
834 3569 908 3611 nam
968 3539 1321 3618 eaorcjannor.
1336 3549 1430 3614 aas.
1445 3532 1501 3624 δῖ,
1522 3567 1619 3630 quem
1635 3545 1712 3610 aas

162 3653 265 3718 iidem
282 3669 315 3718 et
330 3653 554 3716 Mithridatem
573 3654 671 3716 Ponti
694 3672 809 3736 regens
829 3653 910 3713 Bac·
966 3650 1000 3712 in
1021 3651 1128 3714 narnis
1152 3651 1357 3734 Cleopatrae.
1386 3650 1482 3711 Alter
1493 3647 1713 3724 „Thessaloni-

164 3758 264 3822 οΙιιω
280 3757 409 3834 haere,
436 3770 473 3820 at
497 3757 568 3839 ejus
589 3755 679 3839 regis
704 3766 834 3817 moneta
854 3751 912 3814 clo·
967 3773 1025 3820 cae
1042 3751 1257 3818 Macedoniae
1278 3750 1312 3814 in
1335 3749 1502 3814 consortio
1524 3769 1598 3811 cum
1617 3748 1715 3811 Octa·

165 3871 232 3922 cet.
254 3859 363 3944 Neque
383 3881 466 3924 vero
484 3856 642 3940 deinceps
661 3857 757 3920 etiarn
776 3853 910 3942 Antonii
966 3853 1081 3933 riano,
1105 3854 1254 3919 coloniae
1277 3851 1445 3928 Corinthi,
1466 3851 1586 3935 aliique
1607 3849 1714 3934 pauci.

165 3961 302 4024 cesusit
326 3961 449 4024 insanis
478 3959 675 4047 perhibente
702 3958 836 4026 Velleio
860 3957 911 4038 ο),
968 3955 1136 4039 Signatum
1151 3955 1239 4018 haud
1255 3954 1353 4019 dnhie
1365 3951 1586 4016 Alexandriae
1601 3952 1716 4015 inscri-
1776 3937 1789 3948 ’

165 4083 247 4126 em
265 4065 449 4126 redimitum
470 4064 602 4125 laederis
619 4081 806 4140 coronaque
823 4060 912 4122 velo·
966 4071 1025 4141 pto
1043 4053 1229 4119 ΡΩΜΗΣ
1248 4055 1324 4122 ride
1344 4056 1377 4117 iu
1395 4056 1503 4118 numia
1520 4053 1714 4117 Alexandri-

165 4177 240 4228 tum
258 4185 365 4242 careo,
377 4177 409 4228 ct
424 4163 575 4247 thyrsum
591 4173 765 4238 tenentem,
778 4161 912 4223 cothur-
967 4159 1029 4250 nis.
1051 4159 1167 4248 Eretat
1186 4157 1281 4223 etiam
1298 4157 1433 4220 Antonii
1450 4169 1546 4240 caput
1561 4155 1596 4217 in
1613 4174 1713 4218 numo

165 4269 284 4344 nisque
301 4269 503 4330 succinctum
523 4285 626 4326 curru
645 4263 736 4326 velat
753 4259 910 4324 Liberum
966 4260 1157 4324 Polemonis
1184 4263 1209 4323 Ι.
1238 4259 1336 4324 Ponti
1366 4258 1456 4341 rogis
1487 4255 1575 4320 cum‘
1589 4258 1714 4340 epigrs·

162 4379 294 4446 patrem
312 4379 438 4430 sectum
457 4387 527 4428 esse
541 4365 794 4439 Alexandrino,
812 4382 910 4446 quem
966 4365 1048 4448 phe:
1067 4361 1125 4424 M<
1134 4358 1315 4425 ΑΝΤΩΝ
1317 4359 1406 4425 100.
1419 4354 1534 4421 ΑΤΤ.
1545 4355 1715 4421 ΤΡΙΩΝ.

167 4465 314 4529 lusorem
332 4479 473 4532 aeterno
484 4465 584 4530 ctiam
602 4478 816 4531 monumento
834 4485 911 4529 con·
967 4459 1184 4526 ΑΝΔΡΩΝ.

208 4849 245 4918 Ι)
269 4847 351 4908 MV.
365 4869 395 4928 p.
411 4870 449 4908 m.
464 4859 525 4916 148.
599 4849 635 4923 h)
656 4849 687 4908 in
701 4851 812 4907 Anton.
826 4847 930 4924 p.926.
970 4821 984 4848 ⁶
1005 4846 1036 4918 c)
1055 4843 1140 4902 L.11.
1152 4851 1235 4906 ott·
1307 4837 1630 4915 d)L.1v.p.m.aaa.

215 4963 394 5047 (Vol-VI.)
1455 4954 1469 5013 1
