4267 5500
799 572 1128 675 vtranntve

189 740 281 801 nium
309 732 374 801 diei
396 738 501 811 solet,
529 750 720 823 certumque
742 740 848 821 putari
868 744 935 825 gla-

188 837 294 913 dium,
326 837 445 923 quiex
467 838 598 921 cingulo
621 840 839 925 suspenditur.
896 844 933 907 st

188 938 316 1023 glutlius
337 951 425 1002 esset
447 938 566 1022 inquit,
595 961 662 1004 non
683 940 731 1005 sic
747 944 933 1026 praeferre·

187 1051 243 1101 tur
257 1060 371 1115 manu,
393 1052 429 1101 nt
445 1040 479 1101 in
492 1040 598 1103 numia
615 1044 856 1125 praecentibus,
880 1067 932 1109 va-

185 1139 312 1225 riisque
334 1139 419 1217 aliia,
450 1161 515 1204 uno
531 1142 601 1225 ejus
618 1141 683 1208 fine
703 1144 735 1205 in
750 1147 851 1209 altum
866 1146 933 1209 ela·

184 1254 233 1319 to,
248 1240 355 1304 altero
365 1240 405 1303 stl
418 1261 506 1325 genu
516 1242 688 1329 applicato,
706 1245 765 1307 sed
777 1247 932 1313 haereret

187 1339 230 1405 etl
244 1342 327 1405 latua
344 1340 467 1405 adlisus
492 1345 636 1431 cingulo.
680 1345 797 1425 Addit,
819 1350 932 1416 mirari

187 1462 224 1505 se
248 1444 466 1509 vehementer
484 1444 583 1524 illuri,
611 1445 698 1530 qnotl
715 1470 878 1535 nunquam
895 1452 930 1515 iu

185 1545 293 1609 armis
315 1546 383 1611 sire
410 1545 606 1629 imperator,
637 1548 707 1613 sire
728 1552 822 1615 miles
845 1573 933 1616 cont·

187 1660 303 1729 parent
324 1660 464 1710 armatus
488 1646 597 1731 gladio
616 1651 712 1715 etiam
737 1666 822 1732 tum,
857 1676 931 1719 cum

186 1746 310 1811 cultum
334 1748 384 1810 illi
409 1748 505 1832 plane
528 1749 700 1816 militarem
730 1756 931 1837 praeferunt.

185 1848 339 1913 Dubitari
352 1850 453 1935 igitur
466 1850 648 1915 nullatenus
662 1877 776 1938 posse,
796 1880 932 1943 parazo-

185 1950 278 2014 ttinm
292 1951 379 2015 istud
395 1950 483 2015 eliutl
496 1972 562 2017 uon
579 1973 666 2032 esse,
686 1978 780 2041 quam
798 1981 844 2023 ua
861 1964 934 2025 urai

185 2052 290 2116 baton
304 2056 345 2117 tle
357 2042 654 2131 communicarant,
674 2060 722 2119 tel
735 2062 837 2139 qu'est
855 2082 932 2141 pat*

184 2158 233 2217 nti
242 2176 327 2216 nous
337 2154 368 2215 le
383 2156 485 2217 aaron
498 2157 538 2216 de
555 2156 732 2220 Mardchal
742 2163 782 2223 tie
794 2162 930 2228 France.

184 2256 277 2319 Haec
293 2254 442 2319 Iohertue
458 2258 497 2337 ⁸),
513 2276 607 2341 qaam
624 2260 829 2337 sententiam,
844 2262 930 2325 hautl

185 2356 285 2421 tlubie
315 2378 356 2420 ex
380 2355 497 2421 eodem
522 2372 662 2441 captam,
689 2362 856 2445 amplexus
880 2378 932 2429 eet

185 2460 283 2522 etiam
301 2458 538 2523 Pincltertonus
554 2457 599 2543 ¹³).
621 2464 666 2525 At
682 2464 772 2540 mihi,
787 2466 842 2549 qui
853 2466 931 2529 reti·

184 2558 323 2625 cendam
335 2563 529 2625 sententiam
544 2576 691 2628 veterem
707 2567 803 2649 plane
820 2566 930 2631 existi·

184 2680 255 2737 mo,
285 2660 514 2748 inquirendum
540 2665 646 2750 primo
670 2666 819 2742 vitietur,
850 2669 928 2752 quitl

183 2777 315 2828 veteres
332 2771 511 2843 paraznnii
537 2768 668 2832 nomine
692 2765 927 2838 intellexerint.

184 2862 386 2928 Vocabulum
410 2866 495 2929 istud
514 2888 555 2931 es
576 2869 699 2932 Iaatinis
716 2871 928 2954 scriptoribus

184 2963 224 3026 ab
240 2965 338 3029 unico
349 2967 497 3033 Martiale
512 2985 696 3052 usurpatur,
714 2972 879 3055 ellicitque
890 2973 929 3034 ti·

180 3065 286 3130 tulum
303 3067 545 3154 epigrammatis
559 3069 690 3138 xxxtt.
707 3071 784 3134 libri
796 3072 884 3142 ΣΝ.

402 3253 703 3320 Parazonium:

245 3371 402 3434 Militiae
421 3375 520 3436 ieeur
539 3375 618 3452 hoe,
641 3381 789 3458 cigreti
810 3396 927 3440 nomen

299 3549 304 3556 ‚
685 3478 836 3551 honoris,

286 3573 399 3638 Arma
422 3575 636 3640 tribunicium
669 3581 801 3671 cingere
823 3580 926 3660 digna

684 3680 786 3740 latus.

178 3779 268 3840 tastu
289 3785 421 3858 etymon
443 3774 607 3842 Graecum
629 3767 840 3865 paretonium
863 3791 924 3856 est,

176 3875 337 3962 quidquid
360 3891 469 3960 puteat
491 3899 554 3964 ope
573 3901 677 3946 zonae
695 3879 828 3966 corpori
846 3878 926 3942 adli·

177 3977 269 4064 μή,
302 3979 475 4044 autetiam
505 3982 671 4066 ringulam
699 3985 756 4048 vel
781 3983 924 4060 balteus,

176 4099 221 4142 ex
247 4098 316 4164 qao
344 4075 405 4144 alia
433 4083 645 4166 quaecuuque
674 4105 730 4149 res
758 4081 926 4170 suspendi-

174 4195 241 4246 tur.
293 4177 404 4274 Quare
443 4195 477 4247 et
509 4183 588 4249 tlixit
617 4187 712 4250 Plato
734 4189 782 4269 ο)τ
817 4204 926 4262 raaces

179 4308 230 4344 sat
240 4303 427 4362 securarum
442 4283 577 4362 ἀκινακην
593 4287 851 4368 παραζωννυσθαι,
862 4287 926 4347 tt'a·

179 4403 252 4460 ras,
288 4399 322 4447 et
350 4399 498 4468 torques,
525 4402 559 4449 et
581 4392 752 4451 acinacem
773 4389 926 4470 praecia·

174 4505 264 4568 gere.
308 4484 352 4548 ht
379 4485 497 4549 mirum
526 4487 697 4570 prolecto,
730 4486 954 4554 vocabulum.

1670 616 1739 687 att

990 742 1096 822 istud,
1122 746 1184 809 etsi
1201 769 1284 832 pure
1301 748 1481 837 Graecum,
1509 782 1577 829 non
1591 744 1737 852 reperiri

990 845 1025 907 in
1040 848 1228 913 auctoribus
1243 853 1392 921 melioria
1408 861 1540 942 aetatis,
1561 881 1595 932 et
1611 882 1737 937 tautum

990 945 1024 1007 in
1051 948 1217 1031 glossariis
1239 954 1366 1020 mediae
1396 975 1431 1024 et
1451 963 1581 1032 infimae
1602 968 1737 1037 Gracci·

989 1048 1072 1111 tatis.
1115 1052 1253 1117 Exstant
1281 1071 1389 1122 tamen
1420 1064 1538 1132 adlinia
1565 1071 1736 1152 vocabula,

989 1162 1086 1234 atque
1107 1152 1192 1219 haec
1214 1156 1288 1221 lere
1308 1180 1441 1247 semper
1459 1170 1583 1248 pararis
1599 1175 1740 1255 gladios

988 1250 1181 1335 significant.
1218 1258 1417 1341 Hesychius:
1440 1262 1665 1353 Παςαζωςρις,
1685 1300 1738 1359 pu·

987 1373 1044 1430 neu
1055 1375 1207 1440 μαχαιρκ.
1228 1358 1337 1425 Itlemt
1359 1361 1463 1445 Ξιφος,
1478 1392 1637 1455 μαχαιρα,
1653 1374 1673 1451 η’
1687 1398 1739 1439 nc·

987 1454 1134 1535 ριζωνιοι,
1166 1455 1316 1543 imsuper
1353 1476 1529 1552 qtactpuscr,
1562 1472 1735 1540 Athenaeo

989 1571 1213 1621 memorantur
1224 1559 1433 1645 auraemalae
1448 1591 1498 1629 aaa
1514 1568 1676 1658 λοιγχαριά
1689 1576 1735 1658 ἃ).

988 1656 1176 1740 Xenophon
1213 1659 1302 1724 inter
1340 1664 1519 1749 Chalybum
1547 1694 1636 1738 arma
1667 1698 1736 1741 me·

988 1771 1095 1820 morat
1124 1760 1221 1821 etiam
1252 1782 1335 1842 nuru
1360 1788 1414 1842 ens
1440 1769 1532 1850 ζωνη»
1556 1795 1734 1862 pepererat,

985 1852 1057 1919 ὅσον
1087 1857 1197 1935 §rahni
1224 1852 1418 1946 Λακωνικηι,
1444 1868 1469 1951 ᾧ
1492 1869 1661 1956 ἔσφαττον,
1693 1879 1733 1944 u‘n

989 1980 1106 2037 agareis
1129 1951 1278 2039 iuratam,
1288 1965 1392 2043 jueta
1410 1972 1580 2052 cingulum
1593 2000 1737 2059 parvum

985 2060 1139 2141 gladium
1159 2064 1270 2125 instar
1286 2070 1446 2149 pugionis
1462 2073 1642 2157 laconici,
1667 2084 1733 2161 quis

984 2175 1236 2240 percusserunt,
1262 2182 1345 2243 quos
1361 2175 1513 2237 nancisci
1523 2190 1678 2256 paterent
1693 2184 1744 2262 θ).

987 2258 1081 2343 Er'go
1101 2262 1188 2347 quod
1202 2264 1414 2351 Xenophonti
1433 2287 1485 2339 est
1508 2298 1591 2357 παρα
1610 2302 1665 2357 aas
1678 2281 1734 2363 ζω-
1834 2296 1842 2308 ’

989 2384 1036 2437 υμ
1048 2383 1231 2447 (laxaretur,
1252 2367 1308 2430 elii
1327 2374 1524 2439 contractius
1544 2378 1660 2445 dixere
1674 2405 1731 2444 na-

988 2462 1137 2544 ραζωιιω.

1052 2562 1232 2655 Quaeritur
1246 2590 1365 2653 porro,
1394 2588 1503 2639 utrum
1521 2575 1618 2658 illud,
1644 2582 1734 2664 quod

985 2662 1180 2750 frequenter
1196 2689 1262 2733 non
1285 2672 1319 2734 in
1343 2677 1449 2739 numia
1475 2678 1605 2760 morlo,
1618 2682 1679 2745 sed
1698 2697 1735 2748 et

987 2767 1126 2848 gemmis
1150 2783 1184 2833 et
1206 2775 1396 2858 anaglyphis
1423 2777 1567 2843 atilixum
1592 2783 1734 2848 militum

987 2863 1100 2943 lateri,
1133 2869 1328 2957 plerumque
1358 2875 1509 2955 sinistro,
1547 2894 1602 2944 aut
1632 2887 1732 2950 etiam

985 2965 1061 3029 loco
1082 2981 1206 3032 motum
1230 2974 1352 3053 gestari
1367 2996 1479 3054 manu,
1509 2993 1606 3062 atque
1624 2997 1733 3048 osten·

986 3069 1047 3127 tari
1071 3067 1238 3151 ridemus,
1276 3094 1350 3139 esse
1377 3078 1587 3160 parasonium
1620 3085 1732 3150 existi·

984 3168 1067 3230 mari
1088 3171 1200 3254 possit.
1243 3173 1313 3238 Cur
1336 3177 1425 3240 istud
1446 3195 1547 3264 neget
1568 3183 1731 3264 labentes,

982 3267 1079 3332 unica
1102 3270 1153 3332 illi
1174 3273 1258 3337 ratio
1276 3289 1344 3354 est,
1369 3278 1443 3364 qaia
1467 3301 1565 3365 saepe
1585 3306 1652 3350 non
1677 3291 1732 3353 atl-

983 3369 1084 3432 lixum
1106 3372 1222 3449 lateri,
1247 3378 1338 3458 quod
1362 3381 1553 3463 oportebat,
1577 3388 1638 3451 setl
1666 3403 1732 3456 tra·

983 3471 1066 3534 ctari
1088 3472 1235 3538 manibus
1259 3479 1491 3562 conspicimus,
1516 3507 1548 3552 v.
1567 3508 1597 3552 c.
1618 3490 1653 3552 iu
1671 3512 1731 3556 nu·

984 3573 1045 3634 mis
1066 3577 1294 3657 praesentibus
1319 3583 1498 3660 aVirtute,
1522 3599 1555 3648 et
1575 3588 1731 3674 frequen·

983 3687 1036 3737 ter
1058 3697 1077 3737 a
1103 3674 1165 3740 des
1182 3678 1287 3740 Roma
1309 3680 1344 3739 in
1372 3684 1478 3744 numia
1499 3685 1604 3750 obriis
1625 3693 1730 3756 Nero-

983 3773 1050 3850 nis,
1072 3788 1136 3841 etc.
1164 3777 1207 3838 At
1224 3778 1310 3840 enim
1331 3780 1496 3846 sialienus
1514 3785 1594 3849 situs
1620 3789 1728 3854 locus·

985 3897 1024 3940 ve
1046 3895 1118 3940 rem
1140 3891 1255 3954 mutat,
1285 3878 1366 3941 nihil
1391 3883 1503 3962 obest,
1533 3907 1599 3972 quo
1621 3890 1728 3956 mittas

983 3975 1127 4041 dicamur
1156 3999 1303 4063 quoque,
1338 3981 1436 4060 illusi,
1476 3987 1566 4071 quotl
1592 3989 1727 4057 libertae

982 4078 1117 4143 dextera
1134 4081 1296 4164 praefert,
1316 4103 1473 4152 nonense
1490 4089 1631 4172 pileum,
1653 4095 1727 4178 quie

981 4181 1092 4246 luerim
1122 4203 1215 4246 sunm
1236 4202 1301 4245 non
1325 4185 1469 4269 obtinet,
1500 4190 1535 4251 itl
1558 4205 1623 4270 eet,
1650 4195 1726 4277 quia

983 4298 1080 4369 caput
1103 4305 1171 4348 uon
1194 4283 1292 4368 tegit,
1315 4300 1413 4373 etque
1430 4293 1548 4354 eodem
1569 4307 1664 4375 pacto
1687 4294 1726 4356 il·

982 4385 1056 4463 luti,
1078 4385 1167 4471 qnotl
1188 4385 1312 4471 inipso
1336 4391 1401 4455 hoc
1416 4412 1515 4454 numo
1536 4394 1649 4460 Virtus
1670 4417 1726 4480 pe-

982 4485 1182 4572 depremit,
1211 4509 1278 4552 non
1308 4509 1381 4554 esse
1403 4491 1540 4574 galeam.
1585 4496 1650 4559 lam
1672 4519 1727 4564 rs·

175 4619 1718 4658 mm

215 4711 248 4778 s)
266 4707 391 4768 Seianas
410 4709 556 4768 desllid.
573 4710 643 4767 ut.
661 4717 763 4786 pati.
837 4709 873 4782 h)
893 4711 1037 4786 Esssyon
1056 4709 1135 4784 meh
1150 4709 1218 4770 ¹121.
1232 4728 1264 4788 p.
1275 4721 1338 4783 195.
1410 4715 1441 4782 e)
1461 4711 1500 4768 tle
1517 4711 1728 4791 hepht’ttt.

180 4797 220 4868 d)
235 4797 328 4859 MV.
345 4818 376 4876 p.
389 4801 448 4862 176.
468 4799 500 4855 li.
575 4799 606 4872 s)
626 4797 1164 4895 dellxped.ACyrila.lV.p.tu.3it-
1634 4843 1640 4850 .
