<?xml version="1.0" encoding="UTF-8"?>
<!DOCTYPE html PUBLIC "-//W3C//DTD XHTML 1.0 Transitional//EN"
    "http://www.w3.org/TR/xhtml1/DTD/xhtml1-transitional.dtd">
<html xmlns="http://www.w3.org/1999/xhtml" xml:lang="en" lang="en">
 <head>
  <title>
</title>
<meta http-equiv="Content-Type" content="text/html;charset=utf-8" />
  <meta name='ocr-system' content='tesseract 3.04.00' />
  <meta name='ocr-capabilities' content='ocr_page ocr_carea ocr_par ocr_line ocrx_word'/>
</head>
<body>
  <div class='ocr_page' id='page_1' title='image "./doctrinanumorum01steigoog/doctrinanumorum01steigoog_0342.png"; bbox 0 0 4267 5500; ppageno 0'>
   <div class='ocr_carea' id='block_1_1' title="bbox 407 538 1347 697">
    <p class='ocr_par' dir='ltr' id='par_1_1' title="bbox 407 538 1347 697">
     <span class='ocr_line' id='line_1_1' title="bbox 407 538 1347 697; baseline -0.001 -23"><span class='ocrx_word' id='word_1_1' title='bbox 407 538 484 697; x_wconf 42' lang='grc' dir='ltr'><em>ᾗῇ</em></span> <span class='ocrx_word' id='word_1_2' title='bbox 1017 598 1347 675; x_wconf 70' lang='lat' dir='ltr'><strong>vernante</strong></span> 
     </span>
    </p>
   </div>
   <div class='ocr_carea' id='block_1_2' title="bbox 409 723 1953 869">
    <p class='ocr_par' dir='ltr' id='par_1_2' title="bbox 409 723 1953 869">
     <span class='ocr_line' id='line_1_2' title="bbox 409 723 1953 869; baseline -0.008 -24"><span class='ocrx_word' id='word_1_3' title='bbox 409 780 501 865; x_wconf 82' lang='lat' dir='ltr'><strong>cujus</strong></span> <span class='ocrx_word' id='word_1_4' title='bbox 526 723 678 842; x_wconf 79' lang='lat' dir='ltr'><strong>infamia</strong></span> <span class='ocrx_word' id='word_1_5' title='bbox 696 774 838 859; x_wconf 85' lang='lat' dir='ltr'><strong>aliquot,</strong></span> <span class='ocrx_word' id='word_1_6' title='bbox 875 782 910 833; x_wconf 92' lang='lat' dir='ltr'><strong>et</strong></span> <span class='ocrx_word' id='word_1_7' title='bbox 931 766 1068 853; x_wconf 80' lang='lat' dir='ltr'><strong>indigns</strong></span> <span class='ocrx_word' id='word_1_8' title='bbox 1095 768 1154 833; x_wconf 86' lang='lat' dir='ltr'><strong>ho·</strong></span> <span class='ocrx_word' id='word_1_9' title='bbox 1210 767 1381 841; x_wconf 82' lang='lat' dir='ltr'><strong>Vitellium</strong></span> <span class='ocrx_word' id='word_1_10' title='bbox 1398 783 1570 833; x_wconf 79' lang='lat' dir='ltr'><strong>censorem</strong></span> <span class='ocrx_word' id='word_1_11' title='bbox 1580 772 1699 836; x_wconf 87' lang='lat' dir='ltr'><strong>iterum</strong></span> <span class='ocrx_word' id='word_1_12' title='bbox 1711 772 1839 858; x_wconf 82' lang='lat' dir='ltr'><strong>prodat.</strong></span> <span class='ocrx_word' id='word_1_13' title='bbox 1862 774 1953 869; x_wconf 72' lang='lat' dir='ltr'><strong>Quin</strong></span> 
     </span>
    </p>
   </div>
   <div class='ocr_carea' id='block_1_3' title="bbox 268 869 1970 967">
    <p class='ocr_par' dir='ltr' id='par_1_3' title="bbox 268 869 1970 967">
     <span class='ocr_line' id='line_1_3' title="bbox 268 869 1970 967; baseline 0.008 -37"><span class='ocrx_word' id='word_1_14' title='bbox 268 930 271 938; x_wconf 81' lang='grc'><strong>,</strong></span> <span class='ocrx_word' id='word_1_15' title='bbox 406 883 495 945; x_wconf 69' lang='lat' dir='ltr'><strong>mine</strong></span> <span class='ocrx_word' id='word_1_16' title='bbox 513 900 591 943; x_wconf 72' lang='lat' dir='ltr'><strong>sano</strong></span> <span class='ocrx_word' id='word_1_17' title='bbox 610 891 644 940; x_wconf 89' lang='lat' dir='ltr'><strong>et</strong></span> <span class='ocrx_word' id='word_1_18' title='bbox 656 870 944 967; x_wconf 75' lang='lat' dir='ltr'><strong>illustriexempla</strong></span> <span class='ocrx_word' id='word_1_19' title='bbox 955 890 1151 935; x_wconf 82' lang='lat' dir='ltr'><strong>commemo·</strong></span> <span class='ocrx_word' id='word_1_20' title='bbox 1209 870 1328 935; x_wconf 88' lang='lat' dir='ltr'><strong>eodem</strong></span> <span class='ocrx_word' id='word_1_21' title='bbox 1360 872 1436 933; x_wconf 87' lang='lat' dir='ltr'><strong>leco</strong></span> <span class='ocrx_word' id='word_1_22' title='bbox 1460 892 1526 933; x_wconf 93' lang='lat' dir='ltr'><strong>non</strong></span> <span class='ocrx_word' id='word_1_23' title='bbox 1550 870 1723 937; x_wconf 74' lang='lat' dir='ltr'><strong>admodum</strong></span> <span class='ocrx_word' id='word_1_24' title='bbox 1750 876 1876 939; x_wconf 89' lang='lat' dir='ltr'><strong>alienus</strong></span> <span class='ocrx_word' id='word_1_25' title='bbox 1901 869 1970 942; x_wconf 66' lang='lat' dir='ltr'><strong>eat⁴</strong></span> 
     </span>
    </p>
   </div>
   <div class='ocr_carea' id='block_1_4' title="bbox 398 970 1952 1665">
    <p class='ocr_par' dir='ltr' id='par_1_4' title="bbox 398 970 1952 1372">
     <span class='ocr_line' id='line_1_4' title="bbox 406 970 1950 1061; baseline -0.003 -14"><span class='ocrx_word' id='word_1_26' title='bbox 406 996 458 1047; x_wconf 86' lang='lat' dir='ltr'><strong>rst</strong></span> <span class='ocrx_word' id='word_1_27' title='bbox 479 979 654 1045; x_wconf 79' lang='lat' dir='ltr'><strong>Suetonius</strong></span> <span class='ocrx_word' id='word_1_28' title='bbox 668 979 710 1061; x_wconf 82' lang='lat'><strong>⁸).</strong></span> <span class='ocrx_word' id='word_1_29' title='bbox 752 978 919 1038; x_wconf 82' lang='lat' dir='ltr'><strong>Mortuum</strong></span> <span class='ocrx_word' id='word_1_30' title='bbox 939 988 1068 1037; x_wconf 85' lang='lat' dir='ltr'><strong>senatus</strong></span> <span class='ocrx_word' id='word_1_31' title='bbox 1090 989 1150 1038; x_wconf 88' lang='lat' dir='ltr'><strong>sta·</strong></span> <span class='ocrx_word' id='word_1_32' title='bbox 1206 970 1248 1033; x_wconf 87' lang='lat' dir='ltr'><strong>ab</strong></span> <span class='ocrx_word' id='word_1_33' title='bbox 1267 992 1385 1035; x_wconf 87' lang='lat' dir='ltr'><strong>corum</strong></span> <span class='ocrx_word' id='word_1_34' title='bbox 1409 974 1586 1051; x_wconf 82' lang='lat' dir='ltr'><strong>sententis,</strong></span> <span class='ocrx_word' id='word_1_35' title='bbox 1619 977 1681 1058; x_wconf 86' lang='lat' dir='ltr'><strong>qni</strong></span> <span class='ocrx_word' id='word_1_36' title='bbox 1701 997 1834 1040; x_wconf 82' lang='lat' dir='ltr'><strong>numum</strong></span> <span class='ocrx_word' id='word_1_37' title='bbox 1862 979 1950 1043; x_wconf 84' lang='lat' dir='ltr'><strong>laune</strong></span> 
     </span>
     <span class='ocr_line' id='line_1_5' title="bbox 404 1066 1952 1167; baseline -0.002 -19"><span class='ocrx_word' id='word_1_38' title='bbox 404 1094 459 1148; x_wconf 86' lang='lat' dir='ltr'><strong>tua</strong></span> <span class='ocrx_word' id='word_1_39' title='bbox 486 1102 550 1167; x_wconf 88' lang='lat' dir='ltr'><strong>pro</strong></span> <span class='ocrx_word' id='word_1_40' title='bbox 576 1080 694 1144; x_wconf 84' lang='lat' dir='ltr'><strong>rostris</strong></span> <span class='ocrx_word' id='word_1_41' title='bbox 718 1066 905 1152; x_wconf 75' lang='lat' dir='ltr'><strong>honoravit,</strong></span> <span class='ocrx_word' id='word_1_42' title='bbox 940 1094 1014 1138; x_wconf 84' lang='lat' dir='ltr'><strong>cunr</strong></span> <span class='ocrx_word' id='word_1_43' title='bbox 1035 1076 1150 1139; x_wconf 84' lang='lat' dir='ltr'><strong>inscri-</strong></span> <span class='ocrx_word' id='word_1_44' title='bbox 1206 1070 1247 1133; x_wconf 89' lang='lat' dir='ltr'><strong>ad</strong></span> <span class='ocrx_word' id='word_1_45' title='bbox 1259 1075 1303 1137; x_wconf 81' lang='lat'><strong>1..</strong></span> <span class='ocrx_word' id='word_1_46' title='bbox 1315 1073 1488 1143; x_wconf 87' lang='lat' dir='ltr'><strong>Vitellium</strong></span> <span class='ocrx_word' id='word_1_47' title='bbox 1513 1075 1705 1139; x_wconf 77' lang='lat' dir='ltr'><strong>Aulinostri</strong></span> <span class='ocrx_word' id='word_1_48' title='bbox 1727 1079 1862 1143; x_wconf 81' lang='lat' dir='ltr'><strong>fratrem</strong></span> <span class='ocrx_word' id='word_1_49' title='bbox 1875 1102 1952 1164; x_wconf 86' lang='lat' dir='ltr'><strong>per·</strong></span> 
     </span>
     <span class='ocr_line' id='line_1_6' title="bbox 403 1173 1949 1272; baseline 0.002 -27"><span class='ocrx_word' id='word_1_50' title='bbox 403 1187 535 1272; x_wconf 70' lang='lat' dir='ltr'><strong>prienes</strong></span> <span class='ocrx_word' id='word_1_51' title='bbox 572 1183 716 1245; x_wconf 82' lang='lat' dir='ltr'><strong>Pietatis</strong></span> <span class='ocrx_word' id='word_1_52' title='bbox 734 1178 915 1243; x_wconf 75' lang='lat' dir='ltr'><strong>immobilis</strong></span> <span class='ocrx_word' id='word_1_53' title='bbox 927 1196 1008 1259; x_wconf 81' lang='lat' dir='ltr'><strong>erga</strong></span> <span class='ocrx_word' id='word_1_54' title='bbox 1024 1180 1151 1260; x_wconf 78' lang='lat' dir='ltr'><strong>princi·</strong></span> <span class='ocrx_word' id='word_1_55' title='bbox 1205 1173 1313 1239; x_wconf 83' lang='lat' dir='ltr'><strong>tinere</strong></span> <span class='ocrx_word' id='word_1_56' title='bbox 1334 1189 1490 1251; x_wconf 83' lang='lat' dir='ltr'><strong>censent,</strong></span> <span class='ocrx_word' id='word_1_57' title='bbox 1510 1178 1661 1261; x_wconf 73' lang='lat' dir='ltr'><strong>quoniam</strong></span> <span class='ocrx_word' id='word_1_58' title='bbox 1682 1192 1716 1241; x_wconf 90' lang='lat' dir='ltr'><strong>et</strong></span> <span class='ocrx_word' id='word_1_59' title='bbox 1736 1179 1806 1257; x_wconf 76' lang='lat' dir='ltr'><strong>hic,</strong></span> <span class='ocrx_word' id='word_1_60' title='bbox 1820 1192 1874 1244; x_wconf 62' lang='lat' dir='ltr'><strong>*ut</strong></span> <span class='ocrx_word' id='word_1_61' title='bbox 1894 1181 1949 1259; x_wconf 87' lang='lat' dir='ltr'><strong>ait,</strong></span> 
     </span>
     <span class='ocr_line' id='line_1_7' title="bbox 398 1277 1947 1372; baseline 0.012 -44"><span class='ocrx_word' id='word_1_62' title='bbox 398 1307 475 1372; x_wconf 66' lang='lat' dir='ltr'><strong>W„</strong></span> <span class='ocrx_word' id='word_1_63' title='bbox 491 1282 559 1365; x_wconf 70' lang='lat' dir='ltr'><strong>b)·,</strong></span> <span class='ocrx_word' id='word_1_64' title='bbox 1205 1294 1377 1339; x_wconf 77' lang='lat' dir='ltr'><strong>censorem</strong></span> <span class='ocrx_word' id='word_1_65' title='bbox 1398 1277 1517 1359; x_wconf 86' lang='lat' dir='ltr'><strong>egerit.</strong></span> <span class='ocrx_word' id='word_1_66' title='bbox 1553 1279 1597 1339; x_wconf 78' lang='lat' dir='ltr'><strong>At</strong></span> <span class='ocrx_word' id='word_1_67' title='bbox 1618 1300 1683 1363; x_wconf 87' lang='lat' dir='ltr'><strong>quo</strong></span> <span class='ocrx_word' id='word_1_68' title='bbox 1704 1280 1792 1344; x_wconf 84' lang='lat' dir='ltr'><strong>istud</strong></span> <span class='ocrx_word' id='word_1_69' title='bbox 1811 1297 1947 1347; x_wconf 87' lang='lat' dir='ltr'><strong>auctore</strong></span> 
     </span>
    </p>

    <p class='ocr_par' dir='ltr' id='par_1_5' title="bbox 399 1375 1951 1665">
     <span class='ocr_line' id='line_1_8' title="bbox 461 1375 1948 1463; baseline 0.001 -15"><span class='ocrx_word' id='word_1_70' title='bbox 461 1376 502 1448; x_wconf 79' lang='lat' dir='ltr'><strong>in</strong></span> <span class='ocrx_word' id='word_1_71' title='bbox 527 1401 640 1447; x_wconf 82' lang='lat' dir='ltr'><strong>aversa</strong></span> <span class='ocrx_word' id='word_1_72' title='bbox 670 1377 761 1440; x_wconf 89' lang='lat' dir='ltr'><strong>numi</strong></span> <span class='ocrx_word' id='word_1_73' title='bbox 783 1382 809 1444; x_wconf 85' lang='lat'><strong>1.</strong></span> <span class='ocrx_word' id='word_1_74' title='bbox 831 1378 1027 1463; x_wconf 76' lang='lat' dir='ltr'><strong>proponitur</strong></span> <span class='ocrx_word' id='word_1_75' title='bbox 1051 1378 1146 1460; x_wconf 83' lang='lat' dir='ltr'><strong>hujus</strong></span> <span class='ocrx_word' id='word_1_76' title='bbox 1205 1375 1350 1440; x_wconf 74' lang='lat' dir='ltr'><strong>adserit?</strong></span> <span class='ocrx_word' id='word_1_77' title='bbox 1385 1391 1482 1461; x_wconf 87' lang='lat' dir='ltr'><strong>atque</strong></span> <span class='ocrx_word' id='word_1_78' title='bbox 1510 1392 1547 1441; x_wconf 83' lang='lat' dir='ltr'><strong>at</strong></span> <span class='ocrx_word' id='word_1_79' title='bbox 1568 1378 1700 1459; x_wconf 84' lang='lat' dir='ltr'><strong>demus,</strong></span> <span class='ocrx_word' id='word_1_80' title='bbox 1728 1383 1829 1447; x_wconf 86' lang='lat' dir='ltr'><strong>etiarn</strong></span> <span class='ocrx_word' id='word_1_81' title='bbox 1862 1383 1948 1449; x_wconf 88' lang='lat' dir='ltr'><strong>hunc</strong></span> 
     </span>
     <span class='ocr_line' id='line_1_9' title="bbox 401 1477 1946 1563; baseline 0 -15"><span class='ocrx_word' id='word_1_82' title='bbox 401 1488 441 1551; x_wconf 87' lang='lat'><strong>1..</strong></span> <span class='ocrx_word' id='word_1_83' title='bbox 460 1481 589 1552; x_wconf 86' lang='lat' dir='ltr'><strong>Vitellii</strong></span> <span class='ocrx_word' id='word_1_84' title='bbox 611 1493 726 1563; x_wconf 84' lang='lat' dir='ltr'><strong>caput,</strong></span> <span class='ocrx_word' id='word_1_85' title='bbox 759 1492 793 1542; x_wconf 89' lang='lat' dir='ltr'><strong>et</strong></span> <span class='ocrx_word' id='word_1_86' title='bbox 821 1480 908 1563; x_wconf 88' lang='lat' dir='ltr'><strong>quod</strong></span> <span class='ocrx_word' id='word_1_87' title='bbox 930 1479 1076 1542; x_wconf 89' lang='lat' dir='ltr'><strong>insolens</strong></span> <span class='ocrx_word' id='word_1_88' title='bbox 1101 1479 1146 1542; x_wconf 93' lang='lat' dir='ltr'><strong>vi·</strong></span> <span class='ocrx_word' id='word_1_89' title='bbox 1201 1477 1350 1541; x_wconf 80' lang='lat' dir='ltr'><strong>censoris</strong></span> <span class='ocrx_word' id='word_1_90' title='bbox 1366 1500 1503 1543; x_wconf 85' lang='lat' dir='ltr'><strong>munere</strong></span> <span class='ocrx_word' id='word_1_91' title='bbox 1519 1478 1680 1559; x_wconf 80' lang='lat' dir='ltr'><strong>iunctum,</strong></span> <span class='ocrx_word' id='word_1_92' title='bbox 1697 1504 1738 1545; x_wconf 89' lang='lat' dir='ltr'><strong>au</strong></span> <span class='ocrx_word' id='word_1_93' title='bbox 1754 1484 1855 1546; x_wconf 84' lang='lat' dir='ltr'><strong>etiam</strong></span> <span class='ocrx_word' id='word_1_94' title='bbox 1870 1505 1946 1549; x_wconf 90' lang='lat' dir='ltr'><strong>cen-</strong></span> 
     </span>
     <span class='ocr_line' id='line_1_10' title="bbox 399 1578 1951 1665; baseline -0.001 -15"><span class='ocrx_word' id='word_1_95' title='bbox 399 1586 533 1660; x_wconf 87' lang='lat' dir='ltr'><strong>deetnr,</strong></span> <span class='ocrx_word' id='word_1_96' title='bbox 558 1601 651 1645; x_wconf 88' lang='lat' dir='ltr'><strong>more</strong></span> <span class='ocrx_word' id='word_1_97' title='bbox 670 1580 815 1663; x_wconf 88' lang='lat' dir='ltr'><strong>ipsorum</strong></span> <span class='ocrx_word' id='word_1_98' title='bbox 833 1581 1055 1664; x_wconf 80' lang='lat' dir='ltr'><strong>Augustorum</strong></span> <span class='ocrx_word' id='word_1_99' title='bbox 1080 1579 1146 1640; x_wconf 88' lang='lat' dir='ltr'><strong>lau·</strong></span> <span class='ocrx_word' id='word_1_100' title='bbox 1202 1598 1260 1639; x_wconf 89' lang='lat' dir='ltr'><strong>sor</strong></span> <span class='ocrx_word' id='word_1_101' title='bbox 1280 1578 1401 1641; x_wconf 89' lang='lat' dir='ltr'><strong>iterum</strong></span> <span class='ocrx_word' id='word_1_102' title='bbox 1423 1580 1561 1658; x_wconf 81' lang='lat' dir='ltr'><strong>exstitit,</strong></span> <span class='ocrx_word' id='word_1_103' title='bbox 1589 1581 1677 1665; x_wconf 80' lang='lat' dir='ltr'><strong>quod</strong></span> <span class='ocrx_word' id='word_1_104' title='bbox 1697 1598 1806 1647; x_wconf 88' lang='lat' dir='ltr'><strong>tamen</strong></span> <span class='ocrx_word' id='word_1_105' title='bbox 1828 1605 1870 1649; x_wconf 83' lang='lat' dir='ltr'><strong>ex</strong></span> <span class='ocrx_word' id='word_1_106' title='bbox 1891 1586 1951 1649; x_wconf 85' lang='lat' dir='ltr'><strong>lto·</strong></span> 
     </span>
    </p>
   </div>
   <div class='ocr_carea' id='block_1_5' title="bbox 283 1675 1948 1782">
    <p class='ocr_par' dir='ltr' id='par_1_6' title="bbox 283 1675 1948 1782">
     <span class='ocr_line' id='line_1_11' title="bbox 283 1675 1948 1782; baseline 0.001 -33"><span class='ocrx_word' id='word_1_107' title='bbox 283 1740 288 1749; x_wconf 93' lang='lat'><strong>.</strong></span> <span class='ocrx_word' id='word_1_108' title='bbox 398 1698 545 1763; x_wconf 88' lang='lat' dir='ltr'><strong>reatum,</strong></span> <span class='ocrx_word' id='word_1_109' title='bbox 565 1682 661 1766; x_wconf 79' lang='lat' dir='ltr'><strong>&#39;cujus</strong></span> <span class='ocrx_word' id='word_1_110' title='bbox 678 1675 892 1745; x_wconf 83' lang='lat' dir='ltr'><strong>verisimilem</strong></span> <span class='ocrx_word' id='word_1_111' title='bbox 914 1702 1041 1745; x_wconf 90' lang='lat' dir='ltr'><strong>cansam</strong></span> <span class='ocrx_word' id='word_1_112' title='bbox 1057 1679 1146 1773; x_wconf 76' lang='lat' dir='ltr'><strong>delvi-</strong></span> <span class='ocrx_word' id='word_1_113' title='bbox 1203 1699 1275 1741; x_wconf 87' lang='lat' dir='ltr'><strong>rum</strong></span> <span class='ocrx_word' id='word_1_114' title='bbox 1304 1680 1481 1764; x_wconf 84' lang='lat' dir='ltr'><strong>praeconio</strong></span> <span class='ocrx_word' id='word_1_115' title='bbox 1511 1680 1634 1745; x_wconf 79' lang='lat' dir='ltr'><strong>adserit</strong></span> <span class='ocrx_word' id='word_1_116' title='bbox 1666 1686 1808 1749; x_wconf 82' lang='lat' dir='ltr'><strong>numus?</strong></span> <span class='ocrx_word' id='word_1_117' title='bbox 1845 1686 1948 1782; x_wconf 70' lang='lat' dir='ltr'><strong>Quid-</strong></span> 
     </span>
    </p>
   </div>
   <div class='ocr_carea' id='block_1_6' title="bbox 333 1780 1948 4409">
    <p class='ocr_par' dir='ltr' id='par_1_7' title="bbox 373 1780 1948 2987">
     <span class='ocr_line' id='line_1_12' title="bbox 398 1780 1948 1869; baseline -0.001 -16"><span class='ocrx_word' id='word_1_118' title='bbox 398 1789 519 1853; x_wconf 84' lang='lat' dir='ltr'><strong>musiva</strong></span> <span class='ocrx_word' id='word_1_119' title='bbox 537 1796 675 1849; x_wconf 87' lang='lat' dir='ltr'><strong>tractatu</strong></span> <span class='ocrx_word' id='word_1_120' title='bbox 691 1782 732 1845; x_wconf 92' lang='lat' dir='ltr'><strong>de</strong></span> <span class='ocrx_word' id='word_1_121' title='bbox 751 1782 842 1846; x_wconf 86' lang='lat' dir='ltr'><strong>cultu</strong></span> <span class='ocrx_word' id='word_1_122' title='bbox 858 1783 1145 1869; x_wconf 76' lang='lat' dir='ltr'><strong>capitisAngusto·</strong></span> <span class='ocrx_word' id='word_1_123' title='bbox 1202 1780 1281 1862; x_wconf 86' lang='lat' dir='ltr'><strong>quid</strong></span> <span class='ocrx_word' id='word_1_124' title='bbox 1303 1782 1359 1858; x_wconf 87' lang='lat' dir='ltr'><strong>sit,</strong></span> <span class='ocrx_word' id='word_1_125' title='bbox 1389 1780 1476 1845; x_wconf 87' lang='lat' dir='ltr'><strong>istud</strong></span> <span class='ocrx_word' id='word_1_126' title='bbox 1503 1798 1646 1861; x_wconf 84' lang='lat' dir='ltr'><strong>certum,</strong></span> <span class='ocrx_word' id='word_1_127' title='bbox 1682 1805 1855 1851; x_wconf 76' lang='lat' dir='ltr'><strong>censorem</strong></span> <span class='ocrx_word' id='word_1_128' title='bbox 1879 1808 1948 1853; x_wconf 89' lang='lat' dir='ltr'><strong>non</strong></span> 
     </span>
     <span class='ocr_line' id='line_1_13' title="bbox 400 1880 1948 1969; baseline 0.001 -16"><span class='ocrx_word' id='word_1_129' title='bbox 400 1911 487 1955; x_wconf 93' lang='lat' dir='ltr'><strong>rum.</strong></span> <span class='ocrx_word' id='word_1_130' title='bbox 514 1885 712 1950; x_wconf 72' lang='lat' dir='ltr'><strong>Adstituitnr</strong></span> <span class='ocrx_word' id='word_1_131' title='bbox 726 1898 891 1969; x_wconf 82' lang='lat' dir='ltr'><strong>sceptrum</strong></span> <span class='ocrx_word' id='word_1_132' title='bbox 906 1883 1013 1968; x_wconf 89' lang='lat' dir='ltr'><strong>aquila</strong></span> <span class='ocrx_word' id='word_1_133' title='bbox 1031 1902 1145 1966; x_wconf 86' lang='lat' dir='ltr'><strong>anper·</strong></span> <span class='ocrx_word' id='word_1_134' title='bbox 1201 1880 1301 1945; x_wconf 82' lang='lat' dir='ltr'><strong>fuisse</strong></span> <span class='ocrx_word' id='word_1_135' title='bbox 1324 1883 1364 1947; x_wconf 87' lang='lat'><strong>1..</strong></span> <span class='ocrx_word' id='word_1_136' title='bbox 1374 1882 1564 1962; x_wconf 89' lang='lat' dir='ltr'><strong>Vitellium,</strong></span> <span class='ocrx_word' id='word_1_137' title='bbox 1588 1886 1653 1948; x_wconf 87' lang='lat' dir='ltr'><strong>nisi</strong></span> <span class='ocrx_word' id='word_1_138' title='bbox 1673 1909 1738 1951; x_wconf 82' lang='lat' dir='ltr'><strong>une</strong></span> <span class='ocrx_word' id='word_1_139' title='bbox 1759 1884 1836 1950; x_wconf 87' lang='lat' dir='ltr'><strong>cum</strong></span> <span class='ocrx_word' id='word_1_140' title='bbox 1851 1890 1948 1953; x_wconf 89' lang='lat' dir='ltr'><strong>Clau·</strong></span> 
     </span>
     <span class='ocr_line' id='line_1_14' title="bbox 397 1980 1948 2081; baseline 0.002 -27"><span class='ocrx_word' id='word_1_141' title='bbox 397 2013 442 2075; x_wconf 89' lang='lat' dir='ltr'><strong>ne</strong></span> <span class='ocrx_word' id='word_1_142' title='bbox 459 1988 655 2077; x_wconf 84' lang='lat' dir='ltr'><strong>praelixam,</strong></span> <span class='ocrx_word' id='word_1_143' title='bbox 670 1985 827 2050; x_wconf 86' lang='lat' dir='ltr'><strong>indicium</strong></span> <span class='ocrx_word' id='word_1_144' title='bbox 842 1986 1009 2070; x_wconf 83' lang='lat' dir='ltr'><strong>potestatis</strong></span> <span class='ocrx_word' id='word_1_145' title='bbox 1030 2004 1145 2047; x_wconf 89' lang='lat' dir='ltr'><strong>consu·</strong></span> <span class='ocrx_word' id='word_1_146' title='bbox 1187 1980 1275 2081; x_wconf 55' lang='lat' dir='ltr'><strong>⁸dio;</strong></span> <span class='ocrx_word' id='word_1_147' title='bbox 1301 1983 1411 2049; x_wconf 80' lang='lat' dir='ltr'><strong>ethic</strong></span> <span class='ocrx_word' id='word_1_148' title='bbox 1438 1985 1474 2047; x_wconf 93' lang='lat' dir='ltr'><strong>in</strong></span> <span class='ocrx_word' id='word_1_149' title='bbox 1496 1987 1729 2063; x_wconf 81' lang='lat' dir='ltr'><strong>marmoribus,</strong></span> <span class='ocrx_word' id='word_1_150' title='bbox 1756 1997 1842 2072; x_wconf 83' lang='lat' dir='ltr'><strong>qnae‘</strong></span> <span class='ocrx_word' id='word_1_151' title='bbox 1857 1990 1948 2057; x_wconf 87' lang='lat' dir='ltr'><strong>vide·</strong></span> 
     </span>
     <span class='ocr_line' id='line_1_15' title="bbox 395 2085 1946 2171; baseline -0.001 -13"><span class='ocrx_word' id='word_1_152' title='bbox 395 2092 485 2158; x_wconf 85' lang='lat' dir='ltr'><strong>laria.</strong></span> <span class='ocrx_word' id='word_1_153' title='bbox 516 2094 553 2154; x_wconf 86' lang='lat' dir='ltr'><strong>In</strong></span> <span class='ocrx_word' id='word_1_154' title='bbox 570 2108 670 2153; x_wconf 87' lang='lat' dir='ltr'><strong>numo</strong></span> <span class='ocrx_word' id='word_1_155' title='bbox 688 2090 728 2154; x_wconf 89' lang='lat'><strong>11.</strong></span> <span class='ocrx_word' id='word_1_156' title='bbox 746 2087 840 2151; x_wconf 87' lang='lat' dir='ltr'><strong>sedet</strong></span> <span class='ocrx_word' id='word_1_157' title='bbox 854 2086 968 2150; x_wconf 77' lang='lat' dir='ltr'><strong>habitu</strong></span> <span class='ocrx_word' id='word_1_158' title='bbox 985 2086 1143 2150; x_wconf 81' lang='lat' dir='ltr'><strong>censetis.</strong></span> <span class='ocrx_word' id='word_1_159' title='bbox 1200 2093 1238 2145; x_wconf 75' lang='lat' dir='ltr'><strong>&#39;re</strong></span> <span class='ocrx_word' id='word_1_160' title='bbox 1261 2096 1313 2147; x_wconf 84' lang='lat' dir='ltr'><strong>est</strong></span> <span class='ocrx_word' id='word_1_161' title='bbox 1335 2085 1424 2168; x_wconf 86' lang='lat' dir='ltr'><strong>apud</strong></span> <span class='ocrx_word' id='word_1_162' title='bbox 1438 2086 1633 2168; x_wconf 87' lang='lat' dir='ltr'><strong>Gruterum,</strong></span> <span class='ocrx_word' id='word_1_163' title='bbox 1661 2103 1696 2153; x_wconf 87' lang='lat' dir='ltr'><strong>et</strong></span> <span class='ocrx_word' id='word_1_164' title='bbox 1720 2093 1946 2171; x_wconf 77' lang='lat' dir='ltr'><strong>Masatos-ium,</strong></span> 
     </span>
     <span class='ocr_line' id='line_1_16' title="bbox 398 2179 1948 2286; baseline 0.002 -30"><span class='ocrx_word' id='word_1_165' title='bbox 398 2192 487 2286; x_wconf 85' lang='lat' dir='ltr'><strong>Quid</strong></span> <span class='ocrx_word' id='word_1_166' title='bbox 520 2191 644 2257; x_wconf 88' lang='lat' dir='ltr'><strong>indicet</strong></span> <span class='ocrx_word' id='word_1_167' title='bbox 666 2211 741 2274; x_wconf 85' lang='lat' dir='ltr'><strong>pars</strong></span> <span class='ocrx_word' id='word_1_168' title='bbox 765 2186 872 2267; x_wconf 81' lang='lat' dir='ltr'><strong>navia,</strong></span> <span class='ocrx_word' id='word_1_169' title='bbox 906 2209 970 2273; x_wconf 85' lang='lat' dir='ltr'><strong>qua</strong></span> <span class='ocrx_word' id='word_1_170' title='bbox 998 2186 1143 2251; x_wconf 85' lang='lat' dir='ltr'><strong>sedentis</strong></span> <span class='ocrx_word' id='word_1_171' title='bbox 1200 2203 1319 2248; x_wconf 87' lang='lat' dir='ltr'><strong>censor</strong></span> <span class='ocrx_word' id='word_1_172' title='bbox 1340 2179 1473 2269; x_wconf 77' lang='lat' dir='ltr'><strong>qdidem</strong></span> <span class='ocrx_word' id='word_1_173' title='bbox 1496 2189 1632 2269; x_wconf 87' lang='lat' dir='ltr'><strong>dicitnr,</strong></span> <span class='ocrx_word' id='word_1_174' title='bbox 1656 2190 1746 2255; x_wconf 86' lang='lat' dir='ltr'><strong>nulla</strong></span> <span class='ocrx_word' id='word_1_175' title='bbox 1762 2206 1872 2276; x_wconf 78' lang='lat' dir='ltr'><strong>temen</strong></span> <span class='ocrx_word' id='word_1_176' title='bbox 1886 2197 1948 2260; x_wconf 84' lang='lat' dir='ltr'><strong>ite·</strong></span> 
     </span>
     <span class='ocr_line' id='line_1_17' title="bbox 396 2286 1947 2388; baseline 0.003 -31"><span class='ocrx_word' id='word_1_177' title='bbox 396 2293 500 2379; x_wconf 84' lang='lat' dir='ltr'><strong>pedes</strong></span> <span class='ocrx_word' id='word_1_178' title='bbox 520 2291 715 2369; x_wconf 84' lang='lat' dir='ltr'><strong>inlcinntnr,</strong></span> <span class='ocrx_word' id='word_1_179' title='bbox 741 2304 1014 2354; x_wconf 80' lang='lat' dir='ltr'><strong>commentatores</strong></span> <span class='ocrx_word' id='word_1_180' title='bbox 1039 2287 1074 2350; x_wconf 91' lang='lat' dir='ltr'><strong>in</strong></span> <span class='ocrx_word' id='word_1_181' title='bbox 1090 2309 1143 2353; x_wconf 86' lang='lat' dir='ltr'><strong>re-</strong></span> <span class='ocrx_word' id='word_1_182' title='bbox 1199 2286 1262 2349; x_wconf 86' lang='lat' dir='ltr'><strong>rati</strong></span> <span class='ocrx_word' id='word_1_183' title='bbox 1287 2286 1492 2369; x_wconf 78' lang='lat' dir='ltr'><strong>magistratus</strong></span> <span class='ocrx_word' id='word_1_184' title='bbox 1515 2290 1623 2388; x_wconf 73' lang='lat' dir='ltr'><strong>addite</strong></span> <span class='ocrx_word' id='word_1_185' title='bbox 1646 2305 1740 2368; x_wconf 80' lang='lat' dir='ltr'><strong>note3</strong></span> <span class='ocrx_word' id='word_1_186' title='bbox 1778 2314 1863 2379; x_wconf 85' lang='lat' dir='ltr'><strong>ergo</strong></span> <span class='ocrx_word' id='word_1_187' title='bbox 1890 2317 1947 2361; x_wconf 87' lang='lat' dir='ltr'><strong>ue·</strong></span> 
     </span>
     <span class='ocr_line' id='line_1_18' title="bbox 395 2388 1947 2479; baseline 0.003 -23"><span class='ocrx_word' id='word_1_188' title='bbox 395 2394 493 2479; x_wconf 84' lang='lat' dir='ltr'><strong>liquis</strong></span> <span class='ocrx_word' id='word_1_189' title='bbox 526 2393 692 2467; x_wconf 90' lang='lat' dir='ltr'><strong>omnibus,</strong></span> <span class='ocrx_word' id='word_1_190' title='bbox 725 2394 829 2477; x_wconf 87' lang='lat' dir='ltr'><strong>iisqne</strong></span> <span class='ocrx_word' id='word_1_191' title='bbox 855 2390 958 2454; x_wconf 86' lang='lat' dir='ltr'><strong>obviis</strong></span> <span class='ocrx_word' id='word_1_192' title='bbox 992 2388 1141 2464; x_wconf 87' lang='lat' dir='ltr'><strong>verbosi,</strong></span> <span class='ocrx_word' id='word_1_193' title='bbox 1199 2404 1263 2469; x_wconf 88' lang='lat' dir='ltr'><strong>que</strong></span> <span class='ocrx_word' id='word_1_194' title='bbox 1284 2388 1463 2453; x_wconf 85' lang='lat' dir='ltr'><strong>verisimile</strong></span> <span class='ocrx_word' id='word_1_195' title='bbox 1482 2404 1553 2467; x_wconf 89' lang='lat' dir='ltr'><strong>est,</strong></span> <span class='ocrx_word' id='word_1_196' title='bbox 1575 2391 1746 2460; x_wconf 83' lang='lat' dir='ltr'><strong>Vitellium</strong></span> <span class='ocrx_word' id='word_1_197' title='bbox 1765 2394 1887 2459; x_wconf 85' lang='lat' dir='ltr'><strong>iterum</strong></span> <span class='ocrx_word' id='word_1_198' title='bbox 1899 2398 1947 2460; x_wconf 86' lang='lat' dir='ltr'><strong>di·</strong></span> 
     </span>
     <span class='ocr_line' id='line_1_19' title="bbox 397 2489 1945 2579; baseline 0.004 -22"><span class='ocrx_word' id='word_1_199' title='bbox 397 2514 533 2561; x_wconf 88' lang='lat' dir='ltr'><strong>mouere</strong></span> <span class='ocrx_word' id='word_1_200' title='bbox 563 2495 793 2579; x_wconf 82' lang='lat' dir='ltr'><strong>neglexerunt.</strong></span> <span class='ocrx_word' id='word_1_201' title='bbox 836 2492 900 2565; x_wconf 88' lang='lat' dir='ltr'><strong>Ea,</strong></span> <span class='ocrx_word' id='word_1_202' title='bbox 928 2502 963 2551; x_wconf 90' lang='lat' dir='ltr'><strong>ut</strong></span> <span class='ocrx_word' id='word_1_203' title='bbox 985 2489 1141 2573; x_wconf 87' lang='lat' dir='ltr'><strong>conjicio,</strong></span> <span class='ocrx_word' id='word_1_204' title='bbox 1199 2500 1287 2549; x_wconf 88' lang='lat' dir='ltr'><strong>ctum</strong></span> <span class='ocrx_word' id='word_1_205' title='bbox 1306 2508 1490 2557; x_wconf 84' lang='lat' dir='ltr'><strong>censorem.</strong></span> <span class='ocrx_word' id='word_1_206' title='bbox 1525 2494 1564 2554; x_wconf 85' lang='lat' dir='ltr'><strong>Si</strong></span> <span class='ocrx_word' id='word_1_207' title='bbox 1583 2493 1683 2576; x_wconf 81' lang='lat' dir='ltr'><strong>igitur</strong></span> <span class='ocrx_word' id='word_1_208' title='bbox 1708 2516 1866 2561; x_wconf 83' lang='lat' dir='ltr'><strong>uumerus</strong></span> <span class='ocrx_word' id='word_1_209' title='bbox 1889 2498 1945 2563; x_wconf 81' lang='lat' dir='ltr'><strong>ltic</strong></span> 
     </span>
     <span class='ocr_line' id='line_1_20' title="bbox 373 2589 1944 2677; baseline 0.004 -20"><span class='ocrx_word' id='word_1_210' title='bbox 373 2596 580 2659; x_wconf 58' lang='lat' dir='ltr'><strong>indicamur</strong></span> <span class='ocrx_word' id='word_1_211' title='bbox 607 2607 734 2670; x_wconf 80' lang='lat' dir='ltr'><strong>rostro,</strong></span> <span class='ocrx_word' id='word_1_212' title='bbox 768 2612 833 2677; x_wconf 88' lang='lat' dir='ltr'><strong>quo</strong></span> <span class='ocrx_word' id='word_1_213' title='bbox 865 2589 981 2676; x_wconf 88' lang='lat' dir='ltr'><strong>quibus</strong></span> <span class='ocrx_word' id='word_1_214' title='bbox 1004 2590 1142 2673; x_wconf 78' lang='lat' dir='ltr'><strong>positam</strong></span> <span class='ocrx_word' id='word_1_215' title='bbox 1198 2608 1278 2654; x_wconf 83' lang='lat' dir='ltr'><strong>vere</strong></span> <span class='ocrx_word' id='word_1_216' title='bbox 1312 2604 1362 2655; x_wconf 82' lang='lat' dir='ltr'><strong>est</strong></span> <span class='ocrx_word' id='word_1_217' title='bbox 1393 2592 1555 2676; x_wconf 88' lang='lat' dir='ltr'><strong>adjectus,</strong></span> <span class='ocrx_word' id='word_1_218' title='bbox 1588 2594 1823 2660; x_wconf 84' lang='lat' dir='ltr'><strong>inveniendum</strong></span> <span class='ocrx_word' id='word_1_219' title='bbox 1846 2600 1944 2664; x_wconf 86' lang='lat' dir='ltr'><strong>etiam</strong></span> 
     </span>
     <span class='ocr_line' id='line_1_21' title="bbox 394 2690 1943 2784; baseline 0.006 -26"><span class='ocrx_word' id='word_1_220' title='bbox 394 2696 435 2763; x_wconf 79' lang='lat'><strong>1..</strong></span> <span class='ocrx_word' id='word_1_221' title='bbox 449 2696 586 2766; x_wconf 88' lang='lat' dir='ltr'><strong>Vitellia</strong></span> <span class='ocrx_word' id='word_1_222' title='bbox 612 2720 634 2761; x_wconf 87' lang='lat' dir='ltr'><strong>a</strong></span> <span class='ocrx_word' id='word_1_223' title='bbox 659 2706 773 2760; x_wconf 77' lang='lat' dir='ltr'><strong>senatu</strong></span> <span class='ocrx_word' id='word_1_224' title='bbox 798 2704 932 2756; x_wconf 85' lang='lat' dir='ltr'><strong>atetnam</strong></span> <span class='ocrx_word' id='word_1_225' title='bbox 948 2714 1042 2777; x_wconf 85' lang='lat' dir='ltr'><strong>supra</strong></span> <span class='ocrx_word' id='word_1_226' title='bbox 1062 2691 1143 2754; x_wconf 82' lang='lat' dir='ltr'><strong>dixi·</strong></span> <span class='ocrx_word' id='word_1_227' title='bbox 1199 2704 1250 2754; x_wconf 86' lang='lat' dir='ltr'><strong>eat</strong></span> <span class='ocrx_word' id='word_1_228' title='bbox 1276 2690 1419 2776; x_wconf 82' lang='lat' dir='ltr'><strong>aliquid,</strong></span> <span class='ocrx_word' id='word_1_229' title='bbox 1448 2713 1513 2778; x_wconf 84' lang='lat' dir='ltr'><strong>que</strong></span> <span class='ocrx_word' id='word_1_230' title='bbox 1542 2694 1571 2758; x_wconf 91' lang='lat' dir='ltr'><strong>is</strong></span> <span class='ocrx_word' id='word_1_231' title='bbox 1601 2696 1708 2782; x_wconf 83' lang='lat' dir='ltr'><strong>aliqua</strong></span> <span class='ocrx_word' id='word_1_232' title='bbox 1733 2700 1808 2763; x_wconf 89' lang='lat' dir='ltr'><strong>veri</strong></span> <span class='ocrx_word' id='word_1_233' title='bbox 1832 2702 1943 2784; x_wconf 83' lang='lat' dir='ltr'><strong>specie</strong></span> 
     </span>
     <span class='ocr_line' id='line_1_22' title="bbox 396 2787 1943 2886; baseline 0.003 -24"><span class='ocrx_word' id='word_1_234' title='bbox 396 2819 483 2876; x_wconf 87' lang='lat' dir='ltr'><strong>mua,</strong></span> <span class='ocrx_word' id='word_1_235' title='bbox 512 2797 637 2882; x_wconf 83' lang='lat' dir='ltr'><strong>fuitque</strong></span> <span class='ocrx_word' id='word_1_236' title='bbox 659 2787 796 2862; x_wconf 75' lang='lat' dir='ltr'><strong>fortasse</strong></span> <span class='ocrx_word' id='word_1_237' title='bbox 824 2793 880 2859; x_wconf 84' lang='lat' dir='ltr'><strong>illa</strong></span> <span class='ocrx_word' id='word_1_238' title='bbox 898 2795 1016 2858; x_wconf 87' lang='lat' dir='ltr'><strong>eodem</strong></span> <span class='ocrx_word' id='word_1_239' title='bbox 1039 2795 1139 2873; x_wconf 86' lang='lat' dir='ltr'><strong>cultu,</strong></span> <span class='ocrx_word' id='word_1_240' title='bbox 1198 2793 1391 2876; x_wconf 80' lang='lat' dir='ltr'><strong>explicetur.</strong></span> <span class='ocrx_word' id='word_1_241' title='bbox 1455 2796 1587 2859; x_wconf 83' lang='lat' dir='ltr'><strong>Tacitus</strong></span> <span class='ocrx_word' id='word_1_242' title='bbox 1639 2797 1764 2864; x_wconf 83' lang='lat' dir='ltr'><strong>diserte</strong></span> <span class='ocrx_word' id='word_1_243' title='bbox 1816 2803 1943 2886; x_wconf 86' lang='lat' dir='ltr'><strong>prodit,</strong></span> 
     </span>
     <span class='ocr_line' id='line_1_23' title="bbox 396 2894 1945 2987; baseline 0.001 -23"><span class='ocrx_word' id='word_1_244' title='bbox 396 2921 552 2986; x_wconf 86' lang='lat' dir='ltr'><strong>quocum</strong></span> <span class='ocrx_word' id='word_1_245' title='bbox 569 2920 686 2963; x_wconf 85' lang='lat' dir='ltr'><strong>namus</strong></span> <span class='ocrx_word' id='word_1_246' title='bbox 706 2895 870 2981; x_wconf 86' lang='lat' dir='ltr'><strong>exprimit.</strong></span> <span class='ocrx_word' id='word_1_247' title='bbox 1043 2965 1048 2972; x_wconf 30' lang='lat'><strong>¹</strong></span> <span class='ocrx_word' id='word_1_248' title='bbox 1197 2894 1367 2959; x_wconf 89' lang='lat' dir='ltr'><strong>Claudium</strong></span> <span class='ocrx_word' id='word_1_249' title='bbox 1376 2896 1531 2961; x_wconf 86' lang='lat' dir='ltr'><strong>V.C.8oa</strong></span> <span class='ocrx_word' id='word_1_250' title='bbox 1546 2898 1734 2963; x_wconf 77' lang='lat' dir='ltr'><strong>condidisse</strong></span> <span class='ocrx_word' id='word_1_251' title='bbox 1746 2901 1887 2966; x_wconf 86' lang='lat' dir='ltr'><strong>lustrum</strong></span> <span class='ocrx_word' id='word_1_252' title='bbox 1901 2903 1945 2987; x_wconf 76' lang='lat' dir='ltr'><strong>h),</strong></span> 
     </span>
    </p>

    <p class='ocr_par' dir='ltr' id='par_1_8' title="bbox 333 2995 1945 4409">
     <span class='ocr_line' id='line_1_24' title="bbox 457 2995 1944 3091; baseline 0.002 -26"><span class='ocrx_word' id='word_1_253' title='bbox 457 3004 585 3066; x_wconf 78' lang='lat' dir='ltr'><strong>Averso</strong></span> <span class='ocrx_word' id='word_1_254' title='bbox 607 2999 696 3062; x_wconf 89' lang='lat' dir='ltr'><strong>numi</strong></span> <span class='ocrx_word' id='word_1_255' title='bbox 717 3001 771 3061; x_wconf 89' lang='lat'><strong>111.</strong></span> <span class='ocrx_word' id='word_1_256' title='bbox 789 3011 925 3082; x_wconf 85' lang='lat' dir='ltr'><strong>propter</strong></span> <span class='ocrx_word' id='word_1_257' title='bbox 948 2997 1139 3082; x_wconf 81' lang='lat' dir='ltr'><strong>inscriptum</strong></span> <span class='ocrx_word' id='word_1_258' title='bbox 1197 3000 1323 3061; x_wconf 90' lang='lat' dir='ltr'><strong>Tamen</strong></span> <span class='ocrx_word' id='word_1_259' title='bbox 1358 2995 1450 3061; x_wconf 84' lang='lat' dir='ltr'><strong>idem</strong></span> <span class='ocrx_word' id='word_1_260' title='bbox 1486 2999 1596 3080; x_wconf 86' lang='lat' dir='ltr'><strong>paullo</strong></span> <span class='ocrx_word' id='word_1_261' title='bbox 1634 3000 1730 3064; x_wconf 86' lang='lat' dir='ltr'><strong>altius</strong></span> <span class='ocrx_word' id='word_1_262' title='bbox 1747 2998 1795 3083; x_wconf 79' lang='lat' dir='ltr'><strong>i),</strong></span> <span class='ocrx_word' id='word_1_263' title='bbox 1833 3019 1944 3091; x_wconf 53' lang='lat' dir='ltr'><strong>‚etque</strong></span> 
     </span>
     <span class='ocr_line' id='line_1_25' title="bbox 395 3096 1945 3189; baseline 0.001 -23"><span class='ocrx_word' id='word_1_264' title='bbox 395 3102 582 3167; x_wconf 83' lang='lat' dir='ltr'><strong>CENSOR.</strong></span> <span class='ocrx_word' id='word_1_265' title='bbox 617 3104 657 3166; x_wconf 91' lang='lat'><strong>11.</strong></span> <span class='ocrx_word' id='word_1_266' title='bbox 691 3099 776 3184; x_wconf 86' lang='lat' dir='ltr'><strong>plus&#39;</strong></span> <span class='ocrx_word' id='word_1_267' title='bbox 800 3097 899 3161; x_wconf 84' lang='lat' dir='ltr'><strong>offert</strong></span> <span class='ocrx_word' id='word_1_268' title='bbox 930 3096 1138 3164; x_wconf 78' lang='lat' dir='ltr'><strong>difficultatis.</strong></span> <span class='ocrx_word' id='word_1_269' title='bbox 1197 3097 1295 3162; x_wconf 82' lang='lat' dir='ltr'><strong>etiem</strong></span> <span class='ocrx_word' id='word_1_270' title='bbox 1310 3097 1377 3161; x_wconf 89' lang='lat' dir='ltr'><strong>Dio</strong></span> <span class='ocrx_word' id='word_1_271' title='bbox 1390 3097 1443 3180; x_wconf 72' lang='lat'><strong>¹¹),</strong></span> <span class='ocrx_word' id='word_1_272' title='bbox 1473 3099 1644 3166; x_wconf 81' lang='lat' dir='ltr'><strong>Claudium</strong></span> <span class='ocrx_word' id='word_1_273' title='bbox 1665 3103 1830 3186; x_wconf 75' lang='lat' dir='ltr'><strong>jamanao</strong></span> <span class='ocrx_word' id='word_1_274' title='bbox 1852 3128 1945 3189; x_wconf 86' lang='lat' dir='ltr'><strong>prae·</strong></span> 
     </span>
     <span class='ocr_line' id='line_1_26' title="bbox 393 3197 1941 3283; baseline 0.005 -17"><span class='ocrx_word' id='word_1_275' title='bbox 393 3203 611 3278; x_wconf 79' lang='lat' dir='ltr'><strong>Monendnm,</strong></span> <span class='ocrx_word' id='word_1_276' title='bbox 639 3200 803 3283; x_wconf 86' lang='lat' dir='ltr'><strong>adjectum</strong></span> <span class='ocrx_word' id='word_1_277' title='bbox 822 3218 995 3263; x_wconf 87' lang='lat' dir='ltr'><strong>numerum</strong></span> <span class='ocrx_word' id='word_1_278' title='bbox 1016 3203 1054 3262; x_wconf 93' lang='lat' dir='ltr'><strong>ll.</strong></span> <span class='ocrx_word' id='word_1_279' title='bbox 1071 3221 1138 3263; x_wconf 87' lang='lat' dir='ltr'><strong>non</strong></span> <span class='ocrx_word' id='word_1_280' title='bbox 1196 3197 1356 3276; x_wconf 86' lang='lat' dir='ltr'><strong>cedente,</strong></span> <span class='ocrx_word' id='word_1_281' title='bbox 1392 3221 1512 3283; x_wconf 87' lang='lat' dir='ltr'><strong>nempe</strong></span> <span class='ocrx_word' id='word_1_282' title='bbox 1537 3202 1578 3266; x_wconf 94' lang='lat' dir='ltr'><strong>V.</strong></span> <span class='ocrx_word' id='word_1_283' title='bbox 1605 3204 1641 3268; x_wconf 91' lang='lat' dir='ltr'><strong>C.</strong></span> <span class='ocrx_word' id='word_1_284' title='bbox 1669 3205 1735 3266; x_wconf 81' lang='lat' dir='ltr'><strong>iloo</strong></span> <span class='ocrx_word' id='word_1_285' title='bbox 1757 3209 1941 3273; x_wconf 81' lang='lat' dir='ltr'><strong>censoriam</strong></span> 
     </span>
     <span class='ocr_line' id='line_1_27' title="bbox 395 3299 1941 3386; baseline 0.003 -19"><span class='ocrx_word' id='word_1_286' title='bbox 395 3303 564 3367; x_wconf 81' lang='lat' dir='ltr'><strong>observari</strong></span> <span class='ocrx_word' id='word_1_287' title='bbox 594 3301 629 3362; x_wconf 89' lang='lat' dir='ltr'><strong>in</strong></span> <span class='ocrx_word' id='word_1_288' title='bbox 658 3321 776 3377; x_wconf 85' lang='lat' dir='ltr'><strong>numa,</strong></span> <span class='ocrx_word' id='word_1_289' title='bbox 805 3299 913 3384; x_wconf 72' lang='lat' dir='ltr'><strong>qaena‘</strong></span> <span class='ocrx_word' id='word_1_290' title='bbox 931 3299 1034 3364; x_wconf 85' lang='lat' dir='ltr'><strong>edidit</strong></span> <span class='ocrx_word' id='word_1_291' title='bbox 1053 3301 1140 3364; x_wconf 83' lang='lat' dir='ltr'><strong>Pati·</strong></span> <span class='ocrx_word' id='word_1_292' title='bbox 1196 3313 1389 3386; x_wconf 81' lang='lat' dir='ltr'><strong>potestetem</strong></span> <span class='ocrx_word' id='word_1_293' title='bbox 1434 3303 1623 3366; x_wconf 83' lang='lat' dir='ltr'><strong>exercuisse</strong></span> <span class='ocrx_word' id='word_1_294' title='bbox 1668 3317 1838 3370; x_wconf 84' lang='lat' dir='ltr'><strong>testantur.</strong></span> <span class='ocrx_word' id='word_1_295' title='bbox 1889 3311 1941 3372; x_wconf 79' lang='lat' dir='ltr'><strong>Ad</strong></span> 
     </span>
     <span class='ocr_line' id='line_1_28' title="bbox 394 3401 1941 3486; baseline 0.006 -20"><span class='ocrx_word' id='word_1_296' title='bbox 394 3409 455 3468; x_wconf 76' lang='lat' dir='ltr'><strong>aus</strong></span> <span class='ocrx_word' id='word_1_297' title='bbox 480 3408 521 3486; x_wconf 75' lang='grc' dir='ltr'><strong>ο).</strong></span> <span class='ocrx_word' id='word_1_298' title='bbox 564 3403 697 3465; x_wconf 81' lang='lat' dir='ltr'><strong>Diserte</strong></span> <span class='ocrx_word' id='word_1_299' title='bbox 721 3401 817 3465; x_wconf 86' lang='lat' dir='ltr'><strong>etiam</strong></span> <span class='ocrx_word' id='word_1_300' title='bbox 839 3415 974 3465; x_wconf 84' lang='lat' dir='ltr'><strong>testatur</strong></span> <span class='ocrx_word' id='word_1_301' title='bbox 996 3403 1140 3485; x_wconf 75' lang='lat' dir='ltr'><strong>spanhe-</strong></span> <span class='ocrx_word' id='word_1_302' title='bbox 1195 3403 1412 3485; x_wconf 88' lang='lat' dir='ltr'><strong>posteriorem</strong></span> <span class='ocrx_word' id='word_1_303' title='bbox 1437 3403 1534 3465; x_wconf 81' lang='lat' dir='ltr'><strong>etiam</strong></span> <span class='ocrx_word' id='word_1_304' title='bbox 1555 3405 1643 3468; x_wconf 84' lang='lat' dir='ltr'><strong>hunc</strong></span> <span class='ocrx_word' id='word_1_305' title='bbox 1668 3428 1786 3470; x_wconf 73' lang='lat' dir='ltr'><strong>unum</strong></span> <span class='ocrx_word' id='word_1_306' title='bbox 1812 3410 1941 3475; x_wconf 78' lang='lat' dir='ltr'><strong>Claudii</strong></span> 
     </span>
     <span class='ocr_line' id='line_1_29' title="bbox 394 3503 1940 3595; baseline 0.005 -26"><span class='ocrx_word' id='word_1_307' title='bbox 394 3509 493 3584; x_wconf 83' lang='lat' dir='ltr'><strong>ruina,</strong></span> <span class='ocrx_word' id='word_1_308' title='bbox 510 3525 580 3568; x_wconf 86' lang='lat' dir='ltr'><strong>eam</strong></span> <span class='ocrx_word' id='word_1_309' title='bbox 596 3517 705 3568; x_wconf 88' lang='lat' dir='ltr'><strong>notam</strong></span> <span class='ocrx_word' id='word_1_310' title='bbox 720 3503 760 3566; x_wconf 86' lang='lat' dir='ltr'><strong>ab</strong></span> <span class='ocrx_word' id='word_1_311' title='bbox 775 3503 826 3566; x_wconf 81' lang='lat' dir='ltr'><strong>his</strong></span> <span class='ocrx_word' id='word_1_312' title='bbox 838 3504 944 3566; x_wconf 83' lang='lat' dir='ltr'><strong>nnmis</strong></span> <span class='ocrx_word' id='word_1_313' title='bbox 964 3503 1079 3567; x_wconf 85' lang='lat' dir='ltr'><strong>abesse</strong></span> <span class='ocrx_word' id='word_1_314' title='bbox 1094 3503 1139 3584; x_wconf 72' lang='lat' dir='ltr'><strong>d).</strong></span> <span class='ocrx_word' id='word_1_315' title='bbox 1195 3523 1367 3567; x_wconf 78' lang='lat' dir='ltr'><strong>censuram</strong></span> <span class='ocrx_word' id='word_1_316' title='bbox 1389 3503 1495 3567; x_wconf 87' lang='lat' dir='ltr'><strong>reiert</strong></span> <span class='ocrx_word' id='word_1_317' title='bbox 1514 3505 1641 3568; x_wconf 84' lang='lat' dir='ltr'><strong>Plinius</strong></span> <span class='ocrx_word' id='word_1_318' title='bbox 1661 3503 1696 3587; x_wconf 84' lang='lat'><strong>¹).</strong></span> <span class='ocrx_word' id='word_1_319' title='bbox 1737 3509 1817 3572; x_wconf 89' lang='lat' dir='ltr'><strong>Cum</strong></span> <span class='ocrx_word' id='word_1_320' title='bbox 1839 3512 1940 3595; x_wconf 84' lang='lat' dir='ltr'><strong>igitur</strong></span> 
     </span>
     <span class='ocr_line' id='line_1_30' title="bbox 394 3604 1942 3691; baseline 0.001 -19"><span class='ocrx_word' id='word_1_321' title='bbox 394 3609 462 3672; x_wconf 82' lang='lat' dir='ltr'><strong>Sed</strong></span> <span class='ocrx_word' id='word_1_322' title='bbox 478 3608 567 3670; x_wconf 88' lang='lat' dir='ltr'><strong>illam</strong></span> <span class='ocrx_word' id='word_1_323' title='bbox 585 3605 707 3686; x_wconf 81' lang='lat' dir='ltr'><strong>addunt</strong></span> <span class='ocrx_word' id='word_1_324' title='bbox 726 3625 769 3668; x_wconf 84' lang='lat' dir='ltr'><strong>ex</strong></span> <span class='ocrx_word' id='word_1_325' title='bbox 787 3604 1026 3670; x_wconf 87' lang='lat' dir='ltr'><strong>recentioribus</strong></span> <span class='ocrx_word' id='word_1_326' title='bbox 1050 3604 1139 3670; x_wconf 88' lang='lat' dir='ltr'><strong>Vail·</strong></span> <span class='ocrx_word' id='word_1_327' title='bbox 1196 3624 1309 3668; x_wconf 89' lang='lat' dir='ltr'><strong>omues</strong></span> <span class='ocrx_word' id='word_1_328' title='bbox 1334 3607 1369 3667; x_wconf 79' lang='lat' dir='ltr'><strong>lui</strong></span> <span class='ocrx_word' id='word_1_329' title='bbox 1392 3607 1569 3691; x_wconf 73' lang='lat' dir='ltr'><strong>scriptores</strong></span> <span class='ocrx_word' id='word_1_330' title='bbox 1594 3619 1776 3687; x_wconf 84' lang='lat' dir='ltr'><strong>testentur,</strong></span> <span class='ocrx_word' id='word_1_331' title='bbox 1797 3627 1907 3676; x_wconf 78' lang='lat' dir='ltr'><strong>aetem</strong></span> <span class='ocrx_word' id='word_1_332' title='bbox 1923 3637 1942 3676; x_wconf 80' lang='lat' dir='ltr'>a</span> 
     </span>
     <span class='ocr_line' id='line_1_31' title="bbox 392 3706 1944 3788; baseline 0.002 -14"><span class='ocrx_word' id='word_1_333' title='bbox 392 3709 510 3774; x_wconf 83' lang='lat' dir='ltr'><strong>lentius</strong></span> <span class='ocrx_word' id='word_1_334' title='bbox 533 3710 581 3788; x_wconf 73' lang='lat'><strong>⁰),</strong></span> <span class='ocrx_word' id='word_1_335' title='bbox 616 3706 810 3785; x_wconf 89' lang='lat' dir='ltr'><strong>Pedrasins,</strong></span> <span class='ocrx_word' id='word_1_336' title='bbox 846 3707 1034 3782; x_wconf 83' lang='lat' dir='ltr'><strong>Morellins,</strong></span> <span class='ocrx_word' id='word_1_337' title='bbox 1068 3709 1138 3768; x_wconf 83' lang='lat' dir='ltr'><strong>Me·</strong></span> <span class='ocrx_word' id='word_1_338' title='bbox 1195 3706 1331 3771; x_wconf 80' lang='lat' dir='ltr'><strong>Claudio</strong></span> <span class='ocrx_word' id='word_1_339' title='bbox 1352 3727 1522 3772; x_wconf 83' lang='lat' dir='ltr'><strong>censuram</strong></span> <span class='ocrx_word' id='word_1_340' title='bbox 1550 3709 1590 3775; x_wconf 87' lang='lat' dir='ltr'><strong>V.</strong></span> <span class='ocrx_word' id='word_1_341' title='bbox 1616 3710 1653 3772; x_wconf 78' lang='lat' dir='ltr'><strong>C.</strong></span> <span class='ocrx_word' id='word_1_342' title='bbox 1673 3709 1753 3786; x_wconf 80' lang='lat' dir='ltr'><strong>eoo,</strong></span> <span class='ocrx_word' id='word_1_343' title='bbox 1786 3733 1824 3775; x_wconf 87' lang='lat' dir='ltr'><strong>ae</strong></span> <span class='ocrx_word' id='word_1_344' title='bbox 1852 3713 1944 3777; x_wconf 83' lang='lat' dir='ltr'><strong>dein·</strong></span> 
     </span>
     <span class='ocr_line' id='line_1_32' title="bbox 394 3805 1944 3894; baseline 0.005 -22"><span class='ocrx_word' id='word_1_345' title='bbox 394 3809 588 3889; x_wconf 71' lang='lat' dir='ltr'><strong>dioberbus,</strong></span> <span class='ocrx_word' id='word_1_346' title='bbox 611 3809 793 3892; x_wconf 79' lang='lat' dir='ltr'><strong>Thenpoli‚</strong></span> <span class='ocrx_word' id='word_1_347' title='bbox 813 3809 1000 3872; x_wconf 87' lang='lat' dir='ltr'><strong>Pembroclt</strong></span> <span class='ocrx_word' id='word_1_348' title='bbox 1018 3805 1056 3888; x_wconf 78' lang='lat' dir='ltr'><strong>s).</strong></span> <span class='ocrx_word' id='word_1_349' title='bbox 1101 3807 1137 3870; x_wconf 83' lang='lat' dir='ltr'><strong>st</strong></span> <span class='ocrx_word' id='word_1_350' title='bbox 1194 3806 1236 3873; x_wconf 90' lang='lat' dir='ltr'><strong>de</strong></span> <span class='ocrx_word' id='word_1_351' title='bbox 1259 3808 1548 3886; x_wconf 71' lang='lat' dir='ltr'><strong>definite&#39;l&#39;acitus</strong></span> <span class='ocrx_word' id='word_1_352' title='bbox 1576 3824 1733 3894; x_wconf 87' lang='lat' dir='ltr'><strong>aequente</strong></span> <span class='ocrx_word' id='word_1_353' title='bbox 1757 3835 1844 3877; x_wconf 91' lang='lat' dir='ltr'><strong>anno</strong></span> <span class='ocrx_word' id='word_1_354' title='bbox 1866 3836 1944 3879; x_wconf 88' lang='lat' dir='ltr'><strong>cun·</strong></span> 
     </span>
     <span class='ocr_line' id='line_1_33' title="bbox 393 3907 1943 3991; baseline 0.001 -13"><span class='ocrx_word' id='word_1_355' title='bbox 393 3933 507 3978; x_wconf 86' lang='lat' dir='ltr'><strong>verum</strong></span> <span class='ocrx_word' id='word_1_356' title='bbox 529 3925 603 3984; x_wconf 77' lang='lat' dir='ltr'><strong>est,</strong></span> <span class='ocrx_word' id='word_1_357' title='bbox 628 3931 701 3974; x_wconf 87' lang='lat' dir='ltr'><strong>eam</strong></span> <span class='ocrx_word' id='word_1_358' title='bbox 729 3923 837 3974; x_wconf 90' lang='lat' dir='ltr'><strong>notam</strong></span> <span class='ocrx_word' id='word_1_359' title='bbox 865 3909 1007 3974; x_wconf 82' lang='lat' dir='ltr'><strong>existere</strong></span> <span class='ocrx_word' id='word_1_360' title='bbox 1029 3909 1063 3971; x_wconf 91' lang='lat' dir='ltr'><strong>in</strong></span> <span class='ocrx_word' id='word_1_361' title='bbox 1086 3907 1136 3971; x_wconf 85' lang='lat' dir='ltr'><strong>his</strong></span> <span class='ocrx_word' id='word_1_362' title='bbox 1194 3908 1297 3974; x_wconf 89' lang='lat' dir='ltr'><strong>ditum</strong></span> <span class='ocrx_word' id='word_1_363' title='bbox 1312 3913 1449 3989; x_wconf 72' lang='lat' dir='ltr'><strong>lustrum</strong></span> <span class='ocrx_word' id='word_1_364' title='bbox 1467 3925 1617 3989; x_wconf 76' lang='lat' dir='ltr'><strong>testetur,</strong></span> <span class='ocrx_word' id='word_1_365' title='bbox 1636 3927 1765 3975; x_wconf 87' lang='lat' dir='ltr'><strong>certum</strong></span> <span class='ocrx_word' id='word_1_366' title='bbox 1782 3929 1847 3991; x_wconf 81' lang='lat' dir='ltr'><strong>est,</strong></span> <span class='ocrx_word' id='word_1_367' title='bbox 1867 3935 1943 3980; x_wconf 86' lang='lat' dir='ltr'><strong>eoe-</strong></span> 
     </span>
     <span class='ocr_line' id='line_1_34' title="bbox 390 4010 1941 4097; baseline 0.001 -21"><span class='ocrx_word' id='word_1_368' title='bbox 390 4015 515 4090; x_wconf 82' lang='lat' dir='ltr'><strong>numis,</strong></span> <span class='ocrx_word' id='word_1_369' title='bbox 544 4011 730 4096; x_wconf 84' lang='lat' dir='ltr'><strong>oportebat,</strong></span> <span class='ocrx_word' id='word_1_370' title='bbox 762 4011 823 4095; x_wconf 81' lang='lat' dir='ltr'><strong>qni</strong></span> <span class='ocrx_word' id='word_1_371' title='bbox 843 4011 919 4074; x_wconf 90' lang='lat' dir='ltr'><strong>illos</strong></span> <span class='ocrx_word' id='word_1_372' title='bbox 942 4010 1135 4093; x_wconf 79' lang='lat' dir='ltr'><strong>vulgavere,</strong></span> <span class='ocrx_word' id='word_1_373' title='bbox 1193 4011 1280 4094; x_wconf 86' lang='lat' dir='ltr'><strong>pisse</strong></span> <span class='ocrx_word' id='word_1_374' title='bbox 1304 4034 1376 4083; x_wconf 86' lang='lat' dir='ltr'><strong>eam</strong></span> <span class='ocrx_word' id='word_1_375' title='bbox 1402 4013 1534 4097; x_wconf 88' lang='lat' dir='ltr'><strong>quidem</strong></span> <span class='ocrx_word' id='word_1_376' title='bbox 1556 4015 1598 4081; x_wconf 88' lang='lat' dir='ltr'><strong>V.</strong></span> <span class='ocrx_word' id='word_1_377' title='bbox 1623 4014 1659 4078; x_wconf 82' lang='lat' dir='ltr'><strong>C.</strong></span> <span class='ocrx_word' id='word_1_378' title='bbox 1682 4015 1764 4091; x_wconf 81' lang='lat' dir='ltr'><strong>lino,</strong></span> <span class='ocrx_word' id='word_1_379' title='bbox 1798 4016 1862 4078; x_wconf 85' lang='lat' dir='ltr'><strong>sed</strong></span> <span class='ocrx_word' id='word_1_380' title='bbox 1885 4031 1941 4080; x_wconf 83' lang='lat' dir='ltr'><strong>ant</strong></span> 
     </span>
     <span class='ocr_line' id='line_1_35' title="bbox 333 4106 1936 4199; baseline 0.001 -19"><span class='ocrx_word' id='word_1_381' title='bbox 333 4106 343 4132; x_wconf 59' lang='grc'><strong><em>”</em></strong></span> <span class='ocrx_word' id='word_1_382' title='bbox 392 4117 462 4199; x_wconf 80' lang='lat' dir='ltr'><strong>eins</strong></span> <span class='ocrx_word' id='word_1_383' title='bbox 499 4113 645 4196; x_wconf 78' lang='lat' dir='ltr'><strong>adjectae</strong></span> <span class='ocrx_word' id='word_1_384' title='bbox 682 4112 841 4176; x_wconf 78' lang='lat' dir='ltr'><strong>rationem</strong></span> <span class='ocrx_word' id='word_1_385' title='bbox 871 4112 1016 4177; x_wconf 83' lang='lat' dir='ltr'><strong>adferre.</strong></span> <span class='ocrx_word' id='word_1_386' title='bbox 1066 4107 1137 4172; x_wconf 84' lang='lat' dir='ltr'><strong>Ho-</strong></span> <span class='ocrx_word' id='word_1_387' title='bbox 1191 4113 1422 4198; x_wconf 75' lang='lat' dir='ltr'><strong>interruptam,</strong></span> <span class='ocrx_word' id='word_1_388' title='bbox 1471 4129 1527 4178; x_wconf 87' lang='lat' dir='ltr'><strong>aut</strong></span> <span class='ocrx_word' id='word_1_389' title='bbox 1566 4116 1652 4177; x_wconf 89' lang='lat' dir='ltr'><strong>male</strong></span> <span class='ocrx_word' id='word_1_390' title='bbox 1696 4118 1936 4194; x_wconf 81' lang='lat' dir='ltr'><strong>continuatam,</strong></span> 
     </span>
     <span class='ocr_line' id='line_1_36' title="bbox 390 4213 1942 4299; baseline 0.003 -19"><span class='ocrx_word' id='word_1_391' title='bbox 390 4239 463 4281; x_wconf 88' lang='lat' dir='ltr'><strong>rum</strong></span> <span class='ocrx_word' id='word_1_392' title='bbox 486 4237 570 4280; x_wconf 88' lang='lat' dir='ltr'><strong>unus</strong></span> <span class='ocrx_word' id='word_1_393' title='bbox 585 4213 791 4299; x_wconf 83' lang='lat' dir='ltr'><strong>Schlegelius</strong></span> <span class='ocrx_word' id='word_1_394' title='bbox 812 4213 924 4299; x_wconf 83' lang='lat' dir='ltr'><strong>paucis</strong></span> <span class='ocrx_word' id='word_1_395' title='bbox 947 4235 1019 4278; x_wconf 89' lang='lat' dir='ltr'><strong>rem</strong></span> <span class='ocrx_word' id='word_1_396' title='bbox 1036 4233 1135 4298; x_wconf 78' lang='lat' dir='ltr'><strong>expo·</strong></span> <span class='ocrx_word' id='word_1_397' title='bbox 1191 4214 1370 4299; x_wconf 85' lang='lat' dir='ltr'><strong>inpensius</strong></span> <span class='ocrx_word' id='word_1_398' title='bbox 1386 4228 1585 4299; x_wconf 82' lang='lat' dir='ltr'><strong>resumptam</strong></span> <span class='ocrx_word' id='word_1_399' title='bbox 1602 4237 1685 4278; x_wconf 87' lang='lat' dir='ltr'><strong>anno</strong></span> <span class='ocrx_word' id='word_1_400' title='bbox 1703 4235 1882 4299; x_wconf 84' lang='lat' dir='ltr'><strong>aequente,</strong></span> <span class='ocrx_word' id='word_1_401' title='bbox 1904 4233 1942 4285; x_wconf 89' lang='lat' dir='ltr'><strong>et</strong></span> 
     </span>
     <span class='ocr_line' id='line_1_37' title="bbox 391 4315 1942 4409; baseline 0.003 -27"><span class='ocrx_word' id='word_1_402' title='bbox 391 4319 452 4382; x_wconf 86' lang='lat' dir='ltr'><strong>dit:</strong></span> <span class='ocrx_word' id='word_1_403' title='bbox 472 4321 528 4381; x_wconf 80' lang='lat' dir='ltr'><strong>hic</strong></span> <span class='ocrx_word' id='word_1_404' title='bbox 540 4339 678 4380; x_wconf 78' lang='lat' dir='ltr'><strong>censura</strong></span> <span class='ocrx_word' id='word_1_405' title='bbox 690 4317 799 4378; x_wconf 76' lang='lat' dir='ltr'><strong>altera</strong></span> <span class='ocrx_word' id='word_1_406' title='bbox 812 4316 955 4394; x_wconf 79' lang='lat' dir='ltr'><strong>ejusdem</strong></span> <span class='ocrx_word' id='word_1_407' title='bbox 967 4317 1078 4406; x_wconf 76' lang='lat' dir='ltr'><strong>obviat</strong></span> <span class='ocrx_word' id='word_1_408' title='bbox 1091 4315 1135 4409; x_wconf 79' lang='lat' dir='ltr'><strong>t),</strong></span> <span class='ocrx_word' id='word_1_409' title='bbox 1190 4316 1257 4380; x_wconf 83' lang='lat' dir='ltr'><strong>ritu</strong></span> <span class='ocrx_word' id='word_1_410' title='bbox 1278 4316 1408 4382; x_wconf 87' lang='lat' dir='ltr'><strong>solenni</strong></span> <span class='ocrx_word' id='word_1_411' title='bbox 1433 4320 1584 4406; x_wconf 65' lang='lat' dir='ltr'><strong>dautem.</strong></span> <span class='ocrx_word' id='word_1_412' title='bbox 1626 4317 1721 4382; x_wconf 89' lang='lat' dir='ltr'><strong>Idem</strong></span> <span class='ocrx_word' id='word_1_413' title='bbox 1741 4321 1877 4386; x_wconf 78' lang='lat' dir='ltr'><strong>videtur</strong></span> <span class='ocrx_word' id='word_1_414' title='bbox 1892 4325 1942 4386; x_wconf 90' lang='lat' dir='ltr'><strong>iu·</strong></span> 
     </span>
    </p>
   </div>
   <div class='ocr_carea' id='block_1_7' title="bbox 390 4417 1938 4501">
    <p class='ocr_par' dir='ltr' id='par_1_9' title="bbox 390 4417 1938 4501">
     <span class='ocr_line' id='line_1_38' title="bbox 390 4417 1938 4501; baseline 0.002 -17"><span class='ocrx_word' id='word_1_415' title='bbox 390 4439 506 4484; x_wconf 72' lang='lat' dir='ltr'><strong>rernm</strong></span> <span class='ocrx_word' id='word_1_416' title='bbox 527 4417 649 4484; x_wconf 87' lang='lat' dir='ltr'><strong>addere</strong></span> <span class='ocrx_word' id='word_1_417' title='bbox 672 4431 789 4482; x_wconf 85' lang='lat' dir='ltr'><strong>testem</strong></span> <span class='ocrx_word' id='word_1_418' title='bbox 816 4417 975 4501; x_wconf 80' lang='lat' dir='ltr'><strong>negligit,</strong></span> <span class='ocrx_word' id='word_1_419' title='bbox 1015 4417 1072 4500; x_wconf 87' lang='lat' dir='ltr'><strong>qni</strong></span> <span class='ocrx_word' id='word_1_420' title='bbox 1091 4417 1132 4480; x_wconf 82' lang='lat' dir='ltr'><strong>L.</strong></span> <span class='ocrx_word' id='word_1_421' title='bbox 1189 4437 1293 4480; x_wconf 89' lang='lat' dir='ltr'><strong>nuere</strong></span> <span class='ocrx_word' id='word_1_422' title='bbox 1317 4418 1508 4495; x_wconf 83' lang='lat' dir='ltr'><strong>Suetonius,</strong></span> <span class='ocrx_word' id='word_1_423' title='bbox 1539 4439 1614 4482; x_wconf 89' lang='lat' dir='ltr'><strong>cum</strong></span> <span class='ocrx_word' id='word_1_424' title='bbox 1634 4419 1777 4500; x_wconf 74' lang='lat' dir='ltr'><strong>¹eandem</strong></span> <span class='ocrx_word' id='word_1_425' title='bbox 1806 4424 1938 4488; x_wconf 86' lang='lat' dir='ltr'><strong>Claudii</strong></span> 
     </span>
    </p>
   </div>
   <div class='ocr_carea' id='block_1_8' title="bbox 391 4649 1935 4910">
    <p class='ocr_par' dir='ltr' id='par_1_10' title="bbox 391 4649 1935 4910">
     <span class='ocr_line' id='line_1_39' title="bbox 428 4649 1934 4732; baseline -0.001 -17"><span class='ocrx_word' id='word_1_426' title='bbox 428 4661 458 4720; x_wconf 74' lang='lat' dir='ltr'><strong>al,</strong></span> <span class='ocrx_word' id='word_1_427' title='bbox 475 4655 576 4716; x_wconf 82' lang='lat' dir='ltr'><strong>Vitell.</strong></span> <span class='ocrx_word' id='word_1_428' title='bbox 591 4666 653 4716; x_wconf 72' lang='lat' dir='ltr'><strong>et.</strong></span> <span class='ocrx_word' id='word_1_429' title='bbox 725 4653 762 4726; x_wconf 81' lang='lat' dir='ltr'><strong>b)</strong></span> <span class='ocrx_word' id='word_1_430' title='bbox 781 4653 863 4710; x_wconf 73' lang='lat' dir='ltr'><strong>Suet</strong></span> <span class='ocrx_word' id='word_1_431' title='bbox 879 4651 935 4710; x_wconf 88' lang='lat' dir='ltr'><strong>l.c.</strong></span> <span class='ocrx_word' id='word_1_432' title='bbox 952 4669 1016 4727; x_wconf 87' lang='lat' dir='ltr'><strong>cap.</strong></span> <span class='ocrx_word' id='word_1_433' title='bbox 1028 4662 1054 4714; x_wconf 80' lang='lat'><strong>3.</strong></span> <span class='ocrx_word' id='word_1_434' title='bbox 1130 4653 1162 4721; x_wconf 84' lang='lat' dir='ltr'><strong>c)</strong></span> <span class='ocrx_word' id='word_1_435' title='bbox 1179 4649 1220 4706; x_wconf 86' lang='lat' dir='ltr'><strong>ad</strong></span> <span class='ocrx_word' id='word_1_436' title='bbox 1234 4649 1313 4708; x_wconf 85' lang='lat' dir='ltr'><strong>Suet.</strong></span> <span class='ocrx_word' id='word_1_437' title='bbox 1329 4652 1361 4707; x_wconf 84' lang='lat' dir='ltr'><strong>in</strong></span> <span class='ocrx_word' id='word_1_438' title='bbox 1372 4649 1471 4710; x_wconf 85' lang='lat' dir='ltr'><strong>Vitell.</strong></span> <span class='ocrx_word' id='word_1_439' title='bbox 1488 4664 1548 4712; x_wconf 73' lang='lat' dir='ltr'><strong>ct.</strong></span> <span class='ocrx_word' id='word_1_440' title='bbox 1624 4651 1659 4724; x_wconf 91' lang='lat' dir='ltr'><strong>d)</strong></span> <span class='ocrx_word' id='word_1_441' title='bbox 1679 4655 1765 4709; x_wconf 75' lang='lat' dir='ltr'><strong>Tem.</strong></span> <span class='ocrx_word' id='word_1_442' title='bbox 1777 4655 1814 4713; x_wconf 88' lang='lat'><strong>11.</strong></span> <span class='ocrx_word' id='word_1_443' title='bbox 1830 4675 1862 4732; x_wconf 81' lang='lat' dir='ltr'><strong>p.</strong></span> <span class='ocrx_word' id='word_1_444' title='bbox 1873 4667 1934 4720; x_wconf 74' lang='grc'><strong>475.</strong></span> 
     </span>
     <span class='ocr_line' id='line_1_40' title="bbox 392 4738 1935 4828; baseline -0.003 -25"><span class='ocrx_word' id='word_1_445' title='bbox 392 4746 646 4828; x_wconf 69' lang='grc' dir='ltr'><strong>ο)Νιιω.ρι·αειῑ.</strong></span> <span class='ocrx_word' id='word_1_446' title='bbox 700 4741 1005 4815; x_wconf 62' lang='lat' dir='ltr'><strong>manutenete.</strong></span> <span class='ocrx_word' id='word_1_447' title='bbox 1061 4738 1518 4817; x_wconf 73' lang='lat' dir='ltr'><strong>g)lnllorell.lnpp.Tom.11.</strong></span> <span class='ocrx_word' id='word_1_448' title='bbox 1532 4745 1640 4818; x_wconf 63' lang='lat' dir='ltr'><strong>panso:</strong></span> <span class='ocrx_word' id='word_1_449' title='bbox 1692 4742 1935 4813; x_wconf 55' lang='lat' dir='ltr'><strong>mutante,</strong></span> 
     </span>
     <span class='ocr_line' id='line_1_41' title="bbox 391 4827 1183 4910; baseline -0.014 -16"><span class='ocrx_word' id='word_1_450' title='bbox 391 4831 626 4910; x_wconf 61' lang='lat' dir='ltr'><strong>imon-13.</strong></span> <span class='ocrx_word' id='word_1_451' title='bbox 699 4829 911 4904; x_wconf 72' lang='lat' dir='ltr'><strong>t)t.t.tt.29.</strong></span> <span class='ocrx_word' id='word_1_452' title='bbox 983 4827 1183 4902; x_wconf 73' lang='lat' dir='ltr'><strong>t)t..1e.2.</strong></span> 
     </span>
    </p>
   </div>
   <div class='ocr_carea' id='block_1_9' title="bbox 0 0 2138 5500">
    <p class='ocr_par' dir='ltr' id='par_1_11' title="bbox 0 0 2138 5500">
     <span class='ocr_line' id='line_1_42' title="bbox 0 0 2138 5500; baseline 0 5"><span class='ocrx_word' id='word_1_453' title='bbox 0 0 2138 5500; x_wconf 95' lang='lat' dir='ltr'><strong> </strong></span> 
     </span>
    </p>
   </div>
  </div>
 </body>
</html>
