4267 5500
673 589 870 672 IVLIVS
909 591 1154 670 CAESAR.

385 751 419 820 A
447 750 649 824 ΙΙΟΛΕΙΣ.
677 757 739 823 ΑΙ.
768 757 845 826 EN.
874 759 969 830 ΤΗΙ.
998 760 1141 830 ΑΣΙΑι.
1168 765 1262 828 ΚΑΙ.
1295 765 1361 832 0-
1381 800 1396 816 ·
1414 803 1429 817 ·

403 857 498 922 ΚΑΙ.
515 857 592 923 ΤΑ.
606 855 748 926 ΕΘΝΗ.
763 857 923 926 ΓΑΙΟΝ.
939 861 1155 931 ΙΟΤΛΙΟΝ.
1172 862 1304 928 ratos
1328 865 1420 934 deeN.

335 953 574 1023 KAIZAPA.
608 958 720 1026 TON.
753 957 967 1030 ΑΡΧΙΕΡΕ.
1000 967 1095 1031 ΚΑΙ.
1131 963 1472 1038 ATroKPATOPA.
1588 1031 1592 1038 .

393 1059 470 1124 TO.
487 1057 753 1130 ΔΕΤΤΕΡΟΝ.
769 1059 985 1136 ΤΠᾼΤΟΝ.
1002 1063 1119 1135 Ano.
1137 1062 1319 1132 ΑΡΕΩΣ.
1332 1069 1428 1135 ΚΑΙ.

326 1153 652 1227 ΛΦΡΟΔΕιΤΗΣ.
697 1160 857 1232 ΘΕΟΝ..
876 1162 1116 1232 ΕΙΙΙ(Ι)ΑΝΙΙ.
1154 1169 1250 1236 ΚΑΙ.
1289 1167 1488 1238 ΚΟΙΝΟΝ.

358 1293 364 1306 ·
483 1259 578 1328 Tor.
601 1259 944 1334 ΑΝΘΡΩΠΙΝΟΤ.
966 1263 1087 1335 ntor.
1107 1263 1325 1336 ΣΩΤΗΡΑ.

305 1363 411 1428 Vrbes
427 1363 554 1440 Asiae,
577 1373 611 1426 et
631 1397 645 1413 ·
663 1397 678 1414 ·
697 1368 1098 1448 -etgentes0.1ulr'um
1121 1370 1157 1434 C.
1174 1370 1211 1433 F.
1233 1373 1410 1436 Caesarum
1428 1395 1510 1459 pon·

501 1462 624 1550 tificem
641 1468 842 1545 marimum,
864 1479 897 1531 et
915 1470 1150 1552 irruperatnrem
1169 1473 1307 1548 iterum,

344 1565 528 1644 cumulem,
550 1585 572 1626 a
587 1565 702 1629 Marte
717 1579 751 1630 et
765 1574 893 1654 Venere
908 1572 1099 1650 oriundum,
1121 1574 1219 1635 mum
1235 1573 1466 1656 mamfirtum,
1496 1585 1511 1602 ‘

510 1677 546 1730 et
561 1685 764 1736 communem
780 1672 920 1736 hurnuni
934 1674 1067 1754 generis
1085 1684 1327 1750 servatorem.

492 1767 512 1808 ⁴
593 1809 617 1850 ι.
931 1785 995 1837 stet
1022 1772 1118 1836 etiam
1150 1794 1192 1836 ex
1201 1735 1464 1837 Artemidoro
1450 1779 1499 1859 ),
1527 1778 1682 1862 elephas·

250 1810 452 1933 CAESAR.
479 1869 628 1952 Elephas
651 1874 767 1953 priore
791 1873 874 1955 pede
930 1886 999 1937 tum
1016 1874 1050 1939 in
1065 1875 1157 1940 Italia
1173 1871 1362 1960 significare
1379 1869 1609 1957 desereremus
1629 1887 1680 1955 βα-

266 1983 451 2054 serpentem
469 1973 614 2036 ealcum.
932 1993 964 2034 s
966 1979 1040 2054 λιιι,
1067 1999 1117 2035 και
1142 1969 1239 2054 ἄνδρα
1262 1999 1339 2061 pape
1329 1993 1431 2055 rores,
1453 1977 1611 2042 habemus
1634 1981 1680 2043 fa·

127 2071 327 2156 Simpulum,
344 2073 574 2156 aspergillum,
588 2077 761 2156 secespita,
777 2094 872 2157 apex.
932 2091 1062 2140 ventem
1086 2077 1235 2140 Caesaris
1262 2024 1432 2140 ambitioni
1456 2092 1567 2164 typum
1576 2126 1596 2169 ,·
1614 2103 1679 2166 quo

126 2175 193 2240 AR.
208 2173 394 2238 Restitutus
412 2173 508 2236 etism
527 2197 545 2237 a
564 2175 740 2258 (Prsjano.¹
931 2175 1113 2240 debellatos
1146 2200 1165 2241 a
1196 2199 1233 2242 se
1262 2179 1443 2257 barbaros,
1482 2194 1517 2244 et
1552 2183 1678 2265 gloriae

182 2275 369 2354 Denarius,
411 2289 447 2338 ut
477 2277 703 2360 praecedens,
744 2276 870 2344 obvios.
930 2300 1006 2342 suae
1028 2278 1158 2344 invidos
1179 2281 1311 2344 solebat
1332 2279 1480 2347 indicari.
1509 2281 1678 2376 Quidquid

124 2378 241 2442 Variae
261 2390 337 2440 sunt
357 2377 562 2442 eruditorum
581 2377 622 2441 de
642 2378 807 2462 elephanti
827 2393 872 2460 ty·
930 2379 1011 2457 erit,
1037 2380 1144 2464 potuit
1166 2380 1219 2444 hic
1242 2395 1336 2465 typus
1360 2383 1489 2444 futurae
1511 2385 1677 2466 potentiae

123 2501 164 2563 po
178 2479 376 2556 sententiae,
394 2501 472 2564 quas
485 2479 558 2544 fuse
577 2495 749 2547 enumerat
760 2481 874 2545 Schle·
931 2501 1029 2544 omen
1047 2469 1163 2545 dideri.
1186 2483 1331 2567 Elephas
1352 2483 1440 2546 enim
1459 2484 1545 2567 apud
1560 2487 1678 2548 Roma·

124 2581 228 2665 gelius
253 2593 292 2658 ⁸).
337 2581 405 2644 Alii
437 2583 479 2645 ad
515 2582 664 2648 devictos
694 2583 805 2646 Iubam
840 2598 874 2646 ot
928 2604 989 2645 nos
1006 2597 1097 2647 extra
1111 2584 1192 2646 belli
1209 2598 1242 2647 et
1254 2585 1567 2669 amphitheatrorum
1581 2609 1676 2652 usum

125 2683 314 2767 Scipionem
329 2683 370 2744 in
391 2683 519 2763 Africa,
551 2686 642 2770 eujus
670 2685 814 2771 regionis
837 2685 872 2746 id
929 2698 1018 2750 certa
1034 2685 1098 2750 fuit
1115 2708 1173 2750 seu
1188 2686 1323 2752 honoris
1339 2709 1398 2751 seu
1413 2689 1617 2773 arrogantiae
1634 2690 1677 2753 si·

124 2788 239 2850 animal
270 2786 452 2868 symbolum
484 2802 550 2865 est,
582 2788 742 2853 referunt.
786 2789 869 2867 Alii,
929 2790 1104 2871 gnilioatio.
1123 2792 1225 2853 Teste
1250 2790 1408 2854 Suetonio
1430 2790 1457 2875 f)
1482 2793 1542 2857 Cn.
1563 2793 1675 2855 Domi·

124 2889 206 2973 qnod
228 2892 256 2954 1.
280 2888 428 2953 Caesaris
453 2911 530 2953 avus
557 2889 771 2973 prodentibus
793 2891 869 2953 Ser·
927 2891 990 2953 tius
1022 2892 1164 2955 Neronis
1195 2905 1306 2956 atavus
1336 2892 1429 2957 vietis
1462 2894 1497 2955 in
1528 2894 1676 2957 consula·

123 2992 174 3053 sio
192 2988 246 3074 b),
277 2992 449 3073 Spartiuno
470 2992 500 3074 ο)
530 3003 563 3053 et
589 2991 764 3055 novissime
786 2995 871 3055 Lau·
925 3006 961 3055 tu
985 2992 1221 3076 Allobrogibus
1249 2993 1425 3075 elephanto
1453 3014 1515 3077 per
1543 2996 1674 3076 provin·

124 3094 227 3156 sentio
254 3093 350 3171 Lydo
374 3092 404 3175 d)
439 3092 648 3175 elephantum
676 3094 711 3155 in
739 3094 867 3172 Africa,
925 3094 1008 3181 eiam
1028 3108 1140 3159 vectus
1156 3108 1220 3168 est,
1237 3094 1501 3172 turbamilitum,
1519 3096 1611 3178 quasi
1627 3096 1674 3155 in·

125 3195 176 3280 qui
189 3195 317 3257 Punice
338 3197 462 3257 Caesar
478 3194 615 3272 dieitur,
635 3194 808 3271 occiderit,
826 3216 868 3257 ex
924 3208 976 3257 ter
995 3195 1142 3261 solennia
1157 3194 1324 3279 triumphi,
1338 3210 1569 3279 prosequente.
1593 3196 1673 3259 Cor·

124 3316 185 3379 qno
218 3296 314 3379 genti
350 3298 416 3360 hoe
453 3316 637 3380 cognomen
671 3295 865 3364 adhaeserit.
915 3294 1060 3367 ,naiieius
1091 3296 1134 3359 ob
1164 3311 1310 3361 serratos
1342 3298 1376 3359 in
1405 3298 1517 3361 Sicilia
1548 3298 1671 3363 milites

124 3397 245 3461 Verum
271 3398 337 3481 jam
366 3412 440 3463 ante
469 3398 555 3463 hone
583 3420 678 3465 avum
705 3398 791 3481 apud
812 3398 868 3459 Li·
923 3410 1029 3461 tantos
1048 3398 1179 3481 spiritus
1197 3399 1349 3484 sumpsit,
1372 3412 1409 3462 ut
1427 3401 1568 3478 Romae,
1592 3420 1672 3485 quo·

122 3500 207 3563 ιίιιιιι
232 3500 401 3585 reperitur
423 3501 570 3566 Caesaris
596 3520 790 3585 cognomen.
830 3500 866 3561 Si
923 3500 985 3563 ties
1012 3498 1094 3562 foris
1124 3514 1298 3578 coenaret,
1332 3501 1507 3585 elephanto
1536 3501 1670 3569 domum

123 3622 235 3664 serum
271 3615 340 3679 est,
378 3600 465 3687 quod
500 3602 608 3665 refert
639 3590 865 3670 Constantinus
922 3602 1142 3665 reveheretur
1156 3604 1199 3682 e).
1226 3607 1302 3690 Ipse
1324 3604 1443 3665 Caesar
1459 3618 1574 3669 noster
1594 3623 1671 3667 eoo·

121 3706 303 3781 simmei,
334 3704 491 3784 Καισαρις
519 3726 584 3791 ‹qu
612 3702 773 3783 ε’λιφιιιτις
800 3726 866 3777 τοις
922 3704 1050 3767 sestis
1039 3726 1104 3787 jam
1128 3692 1225 3767 hellis
1253 3704 1360 3768 animo
1392 3705 1510 3769 elatior
1537 3703 1670 3768 abscen-

123 3799 215 3869 Φοιιι
219 3807 249 3887 ξι
278 3810 458 3880 senensem,
496 3808 654 3871 Caesmes
684 3812 771 3869 euim
803 3808 866 3867 etc-
923 3805 970 3867 dit
1006 3805 1200 3889 Capitolium
1237 3806 1278 3868 ad
1314 3805 1453 3884 lumina,
1496 3806 1564 3867 XL.
1602 3806 1670 3867 ele·

118 3911 239 3987 pianes·
262 3930 283 3969 u
310 3908 530 3971 Phoenicibus
556 3920 733 3981 vocentur,
759 3906 864 3991 quod,
922 3908 1049 3991 phontis
1067 3908 1187 3971 dextra
1201 3921 1297 3993 atque
1320 3908 1449 3971 sinistra
1466 3905 1668 3990 lyohnuehos

121 4024 157 4071 ut
176 4009 331 4085 diximus,
353 4008 546 4073 confirmant
565 4029 694 4095 quoqne
713 4010 863 4087 Servius,
923 4009 1122 4093 gestantibus
1144 4007 1189 4090 h).
1231 4010 1382 4095 Denique
1414 4010 1667 4093 elephantorum

122 4128 154 4175 et
175 4110 381 4196 Spartianus,
406 4111 460 4175 hie
479 4112 614 4195 elephas
633 4124 720 4176 esset
738 4109 864 4177 adlusio
922 4111 1032 4174 nullus
1056 4111 1189 4195 publice
1216 4134 1310 4190 usus,
1340 4112 1402 4175 nisi
1432 4112 1473 4174 od
1502 4111 1666 4176 vehendas

121 4212 311 4291 adnomen,
335 4226 370 4275 et
392 4232 466 4276 enm
484 4227 655 4297 praeterea
676 4222 864 4298 serpentem
922 4213 1097 4276 Caesarum
1121 4216 1271 4289 thensas,
1300 4227 1355 4277 aut
1382 4233 1498 4277 eorum
1520 4214 1588 4277 sive
1611 4214 1666 4283 tri-

123 4320 242 4393 caleet,
277 4337 353 4379 enm
384 4335 450 4398 quo
482 4316 611 4379 animali
642 4330 724 4381 teste
753 4316 863 4379 Plinio
923 4298 1164 4399 umphantium,
1193 4316 1261 4379 sive
1282 4315 1325 4393 plo
1353 4315 1523 4379 consulatu
1550 4335 1666 4397 proce·

123 4420 302 4504 elephantis
322 4432 483 4502 perpetua
505 4432 555 4481 est
576 4417 766 4496 demiratio,
788 4439 863 4482 eon·
922 4416 1066 4481 dentiam
1097 4417 1263 4481 ducendos
1293 4438 1419 4482 currus.
1460 4420 1534 4479 lure
1564 4417 1665 4500 igitur

125 4560 1663 4595 --——-——-————---··-·—-—---—-—---e-··=

158 4676 189 4714 a
176 4655 270 4712 Le.
282 4672 351 4730 pag.
364 4657 413 4717 60.
484 4654 520 4727 b)
536 4652 658 4713 adden
673 4658 696 4710 Ι.
711 4656 773 4719 286·
848 4652 926 4727 e)1n
940 4651 1035 4713 Aelim
1051 4666 1114 4716 er.
1188 4652 1223 4727 d)
1237 4649 1317 4733 ssep
1333 4633 1662 4730 Mninrinluliocmt

127 4752 153 4803 e
175 4746 305 4809 Onia-ner.
322 4744 357 4803 L.
373 4743 413 4801 ΙΙ.
433 4762 459 4799 e.
475 4756 516 4807 ts
590 4745 645 4817 θ’
637 4764 677 4801 m
687 4744 803 4803 Nerone
823 4764 849 4803 c.
862 4758 888 4805 tt.
958 4748 995 4821 g)
1014 4744 1236 4861 ttiomtnx
1256 4749 1319 4819 §.n
1394 4746 1430 4819 h)
1449 4744 1568 4803 sueton.
1588 4744 1665 4807 inl

126 4839 166 4895 (Ῐ1
151 4858 202 4892 m
216 4839 298 4900 &32
