4267 5500
441 562 487 629 52
1012 538 1063 611 sa
1097 536 1415 641 succurre·

438 714 573 799 dempto
601 728 741 773 numero
770 706 868 773 facilc
890 720 947 773 cut
972 728 1017 772 ex
1048 706 1186 773 denario
1241 706 1391 793 Appiano
1404 702 1995 793 Ocuriunushicnniopoatpngnam

437 814 538 881 obuio
554 812 664 877 fucere
683 832 804 877 rerum.
1240 809 1490 894 Philippensem
1513 806 1574 871 suh
1591 806 1692 893 siguis
1708 808 1820 873 hnhnit
1838 810 1991 894 legiones
2106 795 2107 872 J

500 914 601 981 LEG.
624 914 724 986 XXV.
748 914 904 979 haetenus
921 912 980 975 uni
999 933 1035 978 se
1048 909 1186 977 Goltzio
1240 912 1313 976 XL.
1339 912 1451 1008 plnres
1473 906 1525 993 1ἱ),
1565 931 1629 996 qua
1652 909 1770 976 fiducia
1791 912 1992 999 negabimus
2106 883 2107 968 i

431 1016 581 1083 indulsit.
1240 1013 1385 1077 Antonio
1414 1011 1597 1107 legionum,
1636 1034 1716 1098 quas
1745 1017 1838 1079 numi
1865 1035 2001 1115 memo·⁸
2106 1037 2108 1116 t

497 1118 598 1182 ΒΕΘ.
616 1118 735 1185 XXVI.
762 1119 901 1186 Vnicum
926 1119 1017 1181 huuc
1031 1135 1184 1192 numum,
1234 1128 1331 1192 cunt,
1361 1115 1556 1188 nnmerum?
1586 1116 1748 1199 Legionis
1769 1119 1879 1197 XXX,
1909 1120 1989 1204 quin

427 1237 469 1287 -ct
502 1220 625 1284 frondis
666 1220 852 1307 suspicione
888 1218 1029 1281 liberum
1059 1220 1183 1300 primns
1241 1231 1274 1281 et
1292 1218 1424 1285 XXXV.
1444 1217 1594 1280 meminit
1610 1219 1729 1301 Cicero
1744 1219 1781 1281 iu
1803 1222 1994 1289 variissnis
2106 1217 2107 1220 ¹

435 1323 578 1408 vulgarit
603 1321 752 1391 lihellius
776 1342 817 1381 ex
844 1343 957 1385 museo
981 1321 1062 1383 olim
1083 1320 1183 1385 comi·
1241 1319 1406 1404 epistolis,
1429 1333 1462 1384 et
1480 1319 1687 1403 Philippicis,
1719 1340 1803 1404 quae
1821 1323 1986 1405 copiosius

433 1427 475 1489 tis
498 1423 638 1499 Aricati,
670 1442 756 1485 nnuc
773 1424 951 1488 Caesareo.
995 1423 1182 1509 (supplem.
1241 1436 1390 1485 enarrata
1417 1420 1493 1483 vide
1518 1422 1604 1505 apud
1625 1422 1821 1486 Faciundum
1837 1426 1881 1503 e),
1910 1424 1992 1519 Quo

432 1528 474 1592 ad
490 1524 588 1593 Vaitt.
606 1546 638 1605 p.
652 1524 699 1606 it.)
1233 1538 1391 1609 temporo
1416 1523 1457 1587 od
1483 1526 1615 1587 Actium
1630 1526 1790 1607 pugnavit
1808 1528 1990 1603 Antonius,
2106 1539 2107 1542 ’

496 1626 596 1690 ΒΕΘ.
614 1623 746 1692 XXVII.
769 1624 875 1707 Hujus
891 1624 974 1689 iidcs
996 1625 1070 1691 solo
1091 1628 1182 1691 testi·
1238 1640 1323 1689 teste
1337 1626 1514 1689 Plutarcho
1531 1626 1565 1687 in
1578 1626 1676 1689 litore
1692 1641 1816 1693 stetere
1829 1628 1989 1714 ‚legiones

429 1732 543 1795 monio
566 1726 705 1803 Goltzii,
737 1740 773 1789 et
800 1730 841 1791 cl.
861 1728 1019 1793 Beaurais
1047 1728 1180 1808 nititur,
1237 1728 1342 1803 XIX..
1377 1726 1418 1788 -iu
1449 1728 1584 1791 naribus
1614 1728 1731 1812 uiginti
1760 1731 1865 1793 suillis
1896 1730 1987 1813 pesli-

433 1834 489 1919 qui
512 1833 594 1894 hanc
617 1828 785 1912 legionem
809 1844 937 1893 exstare
958 1829 1099 1907 adserit,
1119 1832 1182 1896 secl
1239 1844 1317 1905 tum,
1334 1829 1400 1890 dno
1418 1829 1670 1912 sagittariorum.
1691 1830 1787 1895 Adde
1803 1833 1989 1896 exercitum

432 1958 498 2009 non
515 1931 664 1996 indicetis
677 1930 812 1996 stativis.
835 1928 983 2016 (stregai
1002 1954 1035 2016 p.
1047 1932 1117 2015 38.)
1239 1932 1428 1994 Africanum
1448 1932 1573 2013 Scarpo
1593 1933 1820 2010 commissum,
1842 1948 1877 1997 et
1896 1956 1988 2017 spur·

495 2036 596 2100 ΒΕΘ.
628 2036 777 2102 XXVIII.
814 2048 848 2096 et
886 2032 1001 2127 XXIX.
1036 2034 1182 2099 nondum
1241 2055 1276 2095 su
1305 2054 1366 2116 per
1394 2045 1442 2094 tot
1467 2032 1651 2115 prouincias
1675 2035 1855 2116 praesidia,
1886 2050 1987 2121 atque
2106 2037 2107 2040 ’

427 2158 619 2213 emersere,
641 2136 705 2197 nisi
719 2156 765 2199 ex
782 2134 906 2198 Goltzii
919 2132 1061 2201 officina.
1241 2148 1309 2196 tum
1337 2132 1420 2196 autie
1450 2132 1593 2195 Antonio
1625 2134 1775 2218 legiones
1803 2138 1908 2204 XXX.
1929 2160 1988 2203 ue·
2106 2211 2107 2218 ἵ

496 2239 597 2303 ΒΕΘ.
612 2239 713 2301 XXX.
735 2257 851 2298 numus
866 2236 1024 2321 insignis,
1047 2250 1082 2300 ct
1102 2235 1182 2303 fidei
1239 2256 1329 2318 gare.
1368 2237 1507 2297 Tantum
1533 2223 1574 2297 etl
1601 2237 1813 2319 explicandos
1832 2239 1899 2301 hos
1921 2240 1989 2303 An·

427 2341 649 2415 indubitatae,
690 2338 746 2423 qui
780 2337 890 2401 multis
928 2336 992 2417 jam
1021 2338 1113 2401 sunia
1145 2342 1181 2403 in
1231 2336 1320 2400 tonii
1342 2335 1494 2400 denarios
1518 2338 1595 2400 sutis
1619 2352 1707 2415 esto,
1738 2360 1813 2401 nam
1835 2343 1916 2405 alius
1932 2364 1989 2406 eo-
2078 2329 2107 2360 ⁸

433 2463 547 2507 museo
570 2462 652 2505 com.
670 2440 792 2503 Ariosti
814 2436 1021 2517 servabam,
1043 2460 1129 2503 nunc
1145 2440 1180 2503 iu
1233 2460 1312 2501 rum
1342 2438 1464 2501 redibit
1494 2440 1634 2515 mentio,
1673 2460 1739 2525 quo
1769 2442 1844 2506 loco
1881 2457 1987 2509 totum
2106 2449 2107 2452 ’

433 2549 629 2610 Caesareum
653 2536 835 2605 translatus.
873 2540 986 2603 Serius
1009 2543 1123 2605 similis
1144 2544 1179 2605 in
1238 2561 1412 2606 rumorum
1428 2541 1685 2627 legionariorum
1702 2564 1820 2626 agmen
1836 2545 1986 2610 manum

431 2666 545 2710 museo
569 2643 697 2709 comitis
719 2642 871 2706 Roncalli
894 2643 1178 2726 repertus-iacitu-
1237 2660 1365 2725 cogam

429 2751 479 2814 rit
502 2750 545 2814 cl.
565 2745 778 2824 Paciaudnm,
799 2759 836 2808 nt
857 2744 1178 2829 eleguntemdisser·
1501 2776 1520 2812 c
1605 2729 1625 2764 ⁴
1709 2774 1729 2811 s

430 2853 586 2917 tationem
618 2849 859 2924 conscriberet,
891 2867 986 2931 quam
1010 2850 1177 2914 Animcd·
1374 2847 1476 2912 ANT.
1508 2848 1611 2940 ΑΕΘ.
1643 2850 1775 2915 lIIVlli.
1807 2851 1849 2917 tt.
1876 2853 1916 2920 P.
1946 2855 1982 2922 c.

430 2958 596 3019 versiones
613 2953 838 3037 philologicos
851 2949 1033 3035 inscripsit.
1066 2951 1179 3016 silium
1378 2950 1487 3013 Novis
1497 2955 1683 3033 praetorio.

429 3059 507 3121 citat
534 3075 683 3120 museum
706 3051 927 3135 Lefroyanum
950 3075 1048 3136 supra
1071 3053 1180 3118 landa·
1238 3048 1864 3122 cnonttvhtnutttttotttenvm.
1876 3056 1984 3137 Aqui.

431 3175 510 3223 tum.
534 3155 792 3242 Ignorsrithuec
810 3155 851 3218 cl.
865 3154 1033 3231 Beauvais,
1049 3155 1107 3240 qui
1123 3155 1179 3219 ‹le-
1237 3154 1273 3214 ln
1300 3155 1490 3235 legionario
1510 3157 1638 3217 'monili
1657 3167 1780 3217 ornata
1800 3160 1893 3220 inter
1919 3161 1983 3223 duo

308 3265 312 3274 '
430 3261 557 3322 narium
575 3258 715 3320 similem
731 3269 881 3338 tanquam
900 3257 1031 3318 unicum
1048 3269 1178 3322 exstare
1236 3257 1335 3338 signa
1357 3255 1536 3318 militaria.
1566 3255 1637 3323 AV.
1668 3255 1835 3337 (Pellerin
1854 3259 1983 3325 stetu

430 3361 465 3421 in
476 3358 592 3422 'russeo
608 3360 804 3438 Enneryuno
820 3356 1011 3424 adfirmavit.
1036 3359 1074 3440 (l.
1086 3361 1133 3441 c.)
1235 3377 1268 3438 p.
1282 3355 1371 3438 105.)
1392 3356 1463 3420 AR.
1486 3357 1575 3440 (Mus
1588 3359 1701 3441 Caes.)

399 3527 406 3534 ,
493 3461 563 3522 Hac
587 3459 718 3542 legione
740 3459 839 3522 XXX.
860 3459 1025 3542 posterior
1044 3459 1106 3523 aliu
1123 3481 1175 3523 re·
1295 3459 1347 3521 De
1364 3455 1501 3522 cohorte
1516 3459 1677 3542 praetoria
1688 3460 1775 3531 haec
1785 3462 1907 3547 Pomp.
1921 3465 1983 3528 Fe·

307 3615 312 3622 .
429 3579 523 3648 perta
549 3559 693 3626 nondum
720 3574 780 3624 est.
809 3561 917 3646 Atque
941 3581 983 3625 ex
1000 3561 1175 3645 irrefraga·
1232 3576 1299 3625 stus
1315 3557 1357 3644 d).
1377 3563 1552 3622 Praetorio
1569 3563 1687 3624 cohors
1703 3575 1754 3625 est
1767 3566 1875 3650 dicto,
1896 3569 1986 3646 quod

427 3665 488 3728 hili
511 3664 575 3729 hoc
598 3684 774 3727 nemorum
792 3664 979 3728 testimonIo
997 3663 1173 3740 docemur,
1231 3683 1252 3724 n
1267 3675 1424 3748 praetore
1440 3680 1507 3723 non
1527 3662 1726 3728 discedebat.
1757 3663 1873 3747 Scipio
1894 3672 1982 3732 enirn

428 3765 573 3830 Antonio
603 3765 718 3828 saltem
748 3779 797 3828 tot
827 3765 977 3852 legiones
1005 3765 1171 3850 paruisse,
1234 3765 1567 3848 Africanusprt'mus
1573 3767 1805 3848 fortissimum
1823 3787 1984 3850 quemque

429 3869 518 3954 qnod
539 3866 575 3928 hi
598 3865 726 3931 denarii
746 3867 944 3951 praedicant.
981 3866 1108 3964 Quibus
1128 3869 1176 3929 ni·
1231 3867 1365 3947 delegit,
1375 3866 1442 3943 qui
1451 3865 1538 3926 abeo
1548 3865 1678 3928 inbelle
1693 3889 1759 3930 non
1773 3871 1983 3934 discederent

428 3972 495 4036 mio
527 3979 638 4034 auctus
659 3969 712 4034 hic
734 3989 890 4033 numerus
910 3971 999 4036 risus
1028 3983 1097 4048 est,
1127 3970 1176 4032 ni·
1231 3981 1295 4032 etc.
1326 3964 1418 4029 Idem
1435 3964 1616 4032 institutum
1633 3967 1758 4050 placuit
1774 3969 1984 4055 imperatori·

428 4076 478 4139 xis
503 4073 707 4159 potissimum
730 4071 846 4138 Dionis
869 4072 1035 4152 oratione,
1064 4074 1176 4158 Augu·
1231 4070 1309 4148 hus,
1339 4069 1396 4156 qui
1417 4087 1618 4134 successere.
1658 4070 1683 4132 I.
1702 4070 1822 4136 Cacsar
1844 4088 1980 4142 anctore

428 4179 471 4242 sti
493 4189 598 4242 aetate
628 4175 769 4262 quinque
790 4187 913 4240 mutum
935 4188 971 4266 et
988 4165 1107 4260 iiginst
1125 4174 1176 4239 le·
1232 4173 1340 4236 Dione
1355 4172 1385 4254 0)
1414 4170 1572 4236 decimum
1599 4171 1766 4256 legionem
1805 4177 1982 4242 cohortem

429 4281 545 4364 giones
574 4279 760 4343 constitisse
792 4276 993 4342 adfirmantis
1015 4279 1062 4358 ¹),
1095 4277 1173 4342 elio·
1229 4273 1429 4360 praetorium
1451 4273 1513 4336 sihi
1529 4272 1670 4356 delegit,
1698 4274 1789 4360 quod
1806 4281 1983 4344 confirmat

425 4403 501 4446 rum
526 4361 711 4448 ienimonia
733 4393 902 4446 auctorum
927 4393 1061 4444 autnon
1085 4379 1176 4444 vitle-
1233 4379 1443 4464 ipse-Caesar
1461 4375 1498 4438 in
1519 4375 1586 4439 suis
1601 4376 1873 4456 Commentariis,
1908 4401 1982 4446 suo·

427 4498 517 4560 runt,
547 4497 601 4549 aut
629 4483 828 4570 negligenda
853 4481 1026 4548 duxerunt.
1072 4485 1174 4548 Teste
1231 4501 1305 4544 rum
1316 4478 1474 4565 ignavium
1486 4477 1687 4543 militum-his
1699 4478 1811 4546 verbis
1821 4485 1982 4564 perstrin-

467 4694 498 4763 a)
519 4693 551 4750 L.
564 4694 663 4768 ΒΜ.
676 4707 756 4760 23..
839 4693 874 4767 b)
894 4691 966 4752 Bell.
986 4693 1040 4752 civ.
1055 4691 1134 4754 hv.
1151 4709 1175 4749 c.
1189 4703 1232 4756 55.
1353 4687 1592 4761 c)I.c.sect.5.
1714 4685 1748 4759 d)
1767 4687 1799 4743 iu
1815 4687 1975 4746 Praetoria.

417 4787 459 4866 s)
479 4781 510 4836 t.
523 4771 681 4846 mvttt.
697 4789 774 4860 §.tu
