4267 5500
828 572 999 649 orno.
1617 607 1689 675 ,03

138 743 309 811 condonas
331 743 451 820 series,
473 760 549 807 cum
570 738 613 803 ad
635 760 755 804 aeneos
779 740 884 807 ΟιΙιο·1
941 744 1084 827 Croyum
1098 742 1214 809 ducem
1230 744 1488 832 Arachotauum,
1514 768 1549 817 et
1566 753 1686 821 duram

136 848 399 930 nispersentum
412 856 475 919 est,
493 856 624 925 turpem
639 841 760 906 hiatum
776 857 884 909 osten·
939 845 1210 929 Bultiughamium
1244 864 1403 911 memorat
1431 852 1583 933 historia,
1617 879 1689 935 anag

135 959 219 1011 tare.
251 946 346 1028 ‚Eam
376 945 519 1029 inopiam
549 964 642 1007 suum
668 943 813 1008 dedecus
834 966 884 1007 ar·
940 966 1035 1029 gnam
1061 948 1220 1029 pecuniae
1253 970 1410 1012 summam
1435 952 1471 1013 in
1497 953 1684 1035 deformem

135 1046 248 1109 hitrati
268 1067 386 1130 magna
406 1046 564 1131 pecuniae
594 1044 629 1111 ri
662 1044 769 1110 oblata
797 1045 884 1107 redi·
938 1046 1021 1111 hauc
1042 1069 1188 1112 mercem
1220 1050 1406 1116 inconsulto
1427 1051 1574 1121 effusam.
1617 1059 1685 1122 De·

133 1169 230 1213 mere
260 1149 332 1231 ejus
360 1149 491 1233 generis
519 1146 683 1209 cimelium
710 1145 882 1229 parabant,
941 1150 1034 1213 motis
1062 1148 1228 1235 paullatim
1261 1152 1311 1215 his
1343 1155 1529 1238 praestigiis
1563 1178 1684 1243 magno

133 1250 307 1341 visumque
344 1264 414 1313 tuna
451 1269 589 1314 aeneum
617 1246 759 1311 Othonis
788 1260 885 1331 caput
940 1264 1046 1328 motu,
1070 1264 1166 1334 atque
1183 1250 1322 1315 adsensu
1342 1256 1434 1318 vario
1448 1258 1564 1339 agitari
1586 1280 1685 1342 quaa·

136 1350 266 1435 ingenti
296 1351 419 1435 pretio,
458 1370 496 1415 uc
528 1350 682 1435 praemiis
708 1348 882 1413 addictum.
941 1352 1002 1415 etio
1025 1366 1160 1433 coepta,
1191 1366 1300 1415 utrum
1317 1356 1503 1435 existerent
1525 1358 1685 1425 indubita-
1716 1426 1719 1432 ,

137 1452 186 1515 Ea
206 1465 311 1527 eraut,
340 1451 503 1536 quietare
524 1452 693 1536 promissis
714 1463 883 1533 poteraut3
939 1465 994 1515 tae
1020 1451 1100 1513 fidei
1119 1453 1209 1514 numi
1232 1452 1372 1517 Othonis
1399 1458 1495 1519 aenei
1516 1463 1683 1527 commatis

135 1552 372 1616 namucnviri
388 1552 484 1617 modo
500 1553 637 1627 literati,
656 1549 883 1617 verumetiam
939 1552 1084 1637 antiqui?
1116 1554 1286 1637 Negarem
1314 1554 1401 1619 istud
1423 1558 1485 1622 siri
1504 1583 1525 1622 a
1546 1561 1598 1624 rei
1626 1586 1685 1627 nu·
1727 1586 1730 1591 ·

135 1654 304 1741 principes
348 1650 489 1717 Othonis
538 1655 632 1719 aenei
682 1650 884 1736 adipiscendi
939 1653 1137 1716 mismaticae
1165 1676 1226 1715 usu
1254 1668 1289 1717 et
1316 1658 1549 1724 exercitatione
1571 1662 1686 1748 inclyti

137 1774 257 1839 magno
280 1754 458 1837 flagrabant
480 1755 662 1831 desiderio,
692 1774 773 1837 quos
796 1752 883 1814 inter
938 1754 1096 1835 nominis,
1126 1755 1304 1839 praecipue
1327 1756 1383 1839 qui
1407 1758 1441 1819 in
1464 1760 1554 1823 Italia
1576 1784 1686 1829 versa.
1811 1840 1816 1849 .

138 1854 325 1921 nominasse
355 1854 523 1919 suffecerit
556 1853 798 1933 Ferdinandum
825 1854 882 1917 111.
939 1854 1072 1930 bantur,
1103 1851 1142 1917 et'
1153 1856 1289 1920 celebre
1304 1870 1373 1917 tum
1388 1878 1452 1941 per
1467 1862 1612 1925 omnium
1627 1886 1686 1931 ora

138 1958 240 2041 Aug„
269 1958 372 2041 ⁴eique
400 1978 557 2024 coaevum
578 1954 786 2039 [leopoldum
807 1952 884 2015 Gui·
940 1954 1003 2017 fuit
1033 1954 1216 2035 Christinae
1245 1957 1414 2021 oraculum
1450 1960 1683 2031 edissereutiaa

138 2058 287 2145 lielnsum
303 2058 530 2135 archiducem,
546 2070 580 2121 et
591 2057 786 2122 christinam
804 2056 885 2117 Sue·
941 2058 999 2137 qui
1012 2075 1142 2117 oeream
1162 2059 1323 2121 Othonem
1331 2066 1489 2143 repererit
1499 2070 1684 2147 antiquum,

140 2180 253 2224 corum
296 2160 454 2243 reginam.
505 2159 612 2223 lllecti
654 2173 719 2221 tam
740 2154 883 2217 liberali·
936 2154 1534 2242 philosophicum-luridaminvenerit.
1557 2168 1607 2229 Ea
1622 2167 1685 2233 dis·

138 2260 199 2325 hus
227 2262 398 2345 promiscis
423 2261 622 2343 impostores
648 2280 715 2321 non
744 2256 882 2319 deluere
940 2254 1081 2339 reptatio
1110 2258 1314 2323 occasionem
1344 2258 1435 2324 dedit
1464 2262 1686 2333 dissertationi

137 2362 191 2425 rei
216 2382 312 2437 suae,
339 2374 373 2425 et
396 2382 458 2447 qua
478 2361 647 2446 pollebant
664 2359 698 2421 iu
722 2356 884 2420 inritandis
940 2358 1181 2422 deotheriam
1199 2366 1316 2435 ocreis,
1333 2363 1529 2448 quamjussu
1539 2370 1687 2456 Leopol·
1714 2432 1718 2441 ,

138 2464 247 2527 numia
282 2462 448 2527 veteribus
478 2460 690 2537 dexteritate,
734 2459 885 2543 exempla
942 2457 976 2519 di
997 2457 1181 2521 archiduois
1210 2460 1418 2529 elucubratus
1450 2480 1500 2530 est
1520 2470 1686 2537 lieurioua

138 2586 205 2629 non
232 2584 336 2649 pauca
357 2564 408 2627 sui
435 2565 561 2649 operis,
586 2563 678 2629 velut
706 2582 746 2625 ex
774 2575 883 2626 terrae
942 2558 1086 2623 Thomas
1116 2560 1299 2649 Chiissetias
1333 2564 1467 2648 reginae
1501 2572 1685 2649 christinae

137 2666 324 2730 visceribus
346 2678 454 2743 eruta,
492 2686 612 2732 renum
641 2662 809 2741 obtulere,
840 2674 886 2725 at·
941 2659 975 2721 iu
1005 2660 1089 2726 urhe
1110 2684 1130 2725 a
1151 2662 1251 2726 sacris
1279 2663 1459 2750 ohsequiis,
1489 2690 1572 2754 quae
1595 2673 1687 2737 dein.

140 2789 203 2852 que
230 2783 268 2832 ut
293 2768 415 2834 certios
442 2768 595 2831 saltarent
620 2765 785 2841 incautos,
810 2783 883 2828 ere
941 2781 1020 2845 ceps
1047 2764 1170 2826 inserta
1192 2786 1323 2850 quoque
1352 2779 1403 2828 est
1425 2769 1531 2834 Temo
1552 2777 1578 2841 1,
1607 2776 1687 2842 navi

140 2869 263 2946 mam,
309 2869 485 2954 genuinam
521 2865 655 2932 alterius
694 2865 884 2949 imperantis
942 2861 1104 2927 Thesauri
1132 2867 1227 2928 Rom.
1256 2869 1403 2953 antiquit.
1426 2870 1600 2956 Saleugrii.
1646 2881 1687 2940 iu

140 2985 235 3056 capnt
261 2971 295 3034 in
311 2969 451 3035 Othonia
477 2989 532 3044 os,
558 2989 596 3033 ac
622 2967 747 3033 voltum
772 2964 885 3028 subtili
940 2961 1002 3026 hac
1044 2964 1097 3030 vir
1138 2965 1285 3029 eruditus
1324 2971 1466 3052 probare
1507 2974 1686 3053 contendit,

140 3071 280 3138 artilicio
301 3069 545 3136 transformare.
574 3069 652 3133 Fuit
669 3065 884 3154 ignominiosa
939 3064 1065 3128 nullum
1077 3065 1209 3129 omniuo
1219 3081 1347 3133 exstare
1358 3070 1525 3136 Othonem
1537 3093 1686 3154 aeneum,

141 3175 222 3238 haec
261 3195 315 3235 ara
344 3171 494 3236 Othones
533 3191 649 3234 aereos
688 3165 886 3235 obtrudendi
943 3165 1099 3250 quivere
1124 3167 1273 3254 antiquus
1298 3171 1355 3250 sit,
1392 3185 1427 3235 et
1449 3174 1505 3258 qui
1527 3176 1686 3243 hactenus

139 3275 204 3356 jam
231 3273 293 3338 suh
318 3274 396 3358 ipsis
414 3275 466 3336 rei
488 3271 730 3335 numismaticae
754 3270 885 3334 incune-
942 3265 1043 3330 oblati
1062 3282 1147 3346 sunt,
1167 3290 1240 3335 esse
1257 3273 1396 3354 spurios,
1410 3287 1466 3338 aut
1481 3295 1523 3340 ex
1535 3280 1685 3361 genuinis

140 3375 227 3440 hulis
251 3375 414 3451 exercita,
434 3387 471 3437 et
490 3372 595 3436 letalis
612 3371 669 3447 iis,
698 3369 822 3454 quibis
843 3368 887 3432 ci·
942 3387 1004 3452 per
1019 3369 1168 3434 fraudem
1187 3373 1354 3446 confictos.

141 3477 251 3544 meliis
289 3475 546 3540 delectabantur.
591 3471 723 3536 Etenim
759 3469 887 3532 Aeneas
1005 3472 1088 3534 heri
1116 3473 1303 3540 Othoniano
1338 3475 1615 3559 indulgentiorem
1649 3503 1686 3545 se

141 3579 241 3646 Vicus
251 3576 452 3652 Parmensis,
468 3577 628 3638 Antonius
645 3573 723 3635 Piso
737 3567 887 3654 (lcPois)
943 3572 1094 3654 praebuit
1120 3574 1254 3638 Carolus
1275 3577 1407 3639 Petinus
1428 3578 1574 3642 medicus
1597 3583 1688 3643 Pari·

141 3681 271 3757 Gallus,
321 3677 481 3742 Antonius
518 3675 718 3758 Augustinus
755 3671 887 3754 praesul
943 3673 1078 3751 aiensis,
1115 3674 1172 3760 qui
1201 3695 1267 3736 nou
1300 3675 1398 3740 medo
1426 3678 1595 3761 professus
1625 3696 1685 3757 est,

142 3778 414 3855 'l'arraconeusis,
453 3777 509 3865 qui
532 3778 618 3842 circa
645 3773 770 3852 meruli
796 3773 886 3838 xvt.
943 3795 1009 3838 non
1032 3795 1152 3858 paucos
1181 3788 1309 3838 exstare
1330 3775 1416 3839 aeris
1445 3780 1574 3844 sincere
1598 3795 1686 3846 rete·

18 3881 20 3908 '
94 3855 107 3878 ⁸
141 3881 314 3952 dimidium
333 3881 463 3964 scriptia
483 3880 548 3942 suis
569 3879 773 3952 inclaruere,
801 3873 887 3937 irau·
943 3875 1007 3954 ris,
1039 3890 1134 3963 atque
1156 3897 1175 3940 a
1196 3896 1232 3940 se
1255 3889 1466 3960 conspectos,
1496 3894 1531 3944 et
1552 3880 1586 3942 iu
1606 3883 1686 3966 rigi·

140 3984 215 4048 dean
228 3959 297 4068 jain
313 3996 381 4046 tum
396 3981 526 4044 ‹litlitam
543 3979 756 4054 detexerunt,
772 3973 886 4038 menri·
943 3977 1019 4038 dum
1037 3997 1174 4040 examen
1190 3991 1324 4041 vocatos
1345 3980 1394 4057 ¹),
1424 3978 1485 4042 sed
1499 3981 1570 4063 ipse
1589 3984 1687 4046 etiam

136 4087 253 4172 sitque
281 4085 398 4146 hurum
430 4097 614 4167 postremus
645 4081 773 4146 loannis
795 4077 885 4141 Cavi-
942 4077 1130 4161 complores
1151 4078 1220 4152 eius
1241 4079 1374 4162 generis
1398 4081 1432 4142 in
1451 4082 1560 4146 lucem
1583 4084 1686 4148 edidit

138 4189 172 4250 ni
194 4185 403 4262 Parmensis,
439 4207 590 4269 magnum
616 4183 656 4247 ab
680 4181 817 4244 infausta
846 4197 885 4240 ea
942 4200 1016 4244 cum
1045 4181 1081 4242 iu
1112 4180 1282 4261 Thesauro
1313 4184 1504 4246 hlauroceui
1524 4183 1572 4267 b),
1616 4198 1686 4248 tum

18 4303 19 4306 ’
142 4287 277 4354 utentia
313 4307 431 4352 nomen
463 4285 582 4370 adepti.
629 4283 714 4348 Satis
745 4292 885 4356 coastat,
942 4284 976 4344 in
1000 4281 1066 4345 suis
1095 4281 1327 4365 imperatorum
1356 4286 1479 4357 numia,
1510 4289 1687 4367 permovit·

142 4391 302 4478 deceptos
323 4389 439 4452 horum
462 4385 576 4454 fraude
605 4407 671 4448 non
694 4404 813 4470 paucos
840 4381 886 4442 in·
943 4403 1007 4469 que
1030 4383 1231 4448 Chiilletium
1260 4384 1384 4468 ipsum,
1421 4397 1458 4446 at
1485 4385 1519 4446 ln
1549 4389 1684 4468 gratiam

142 4493 245 4577 siguis
274 4491 378 4555 famae
408 4488 570 4566 eruditos,
607 4499 641 4551 et
668 4508 685 4550 a
712 4485 792 4551 siris
820 4485 888 4548 lau·
944 4505 1018 4549 cum
1040 4481 1314 4562 scneis‘Othouia
1343 4484 1449 4547 numia
1476 4485 1618 4564 rediret,
1650 4503 1688 4562 ut

143 4593 235 4656 tionis
273 4591 441 4669 fortunae,
487 4609 570 4678 quos
607 4588 695 4651 iuter
734 4586 889 4650 Carolum
945 4599 1035 4670 patet
1057 4606 1099 4650 ex
1116 4585 1280 4672 data'ejus
1303 4584 1343 4649 ad
1365 4585 1515 4650 Patinum
1538 4587 1687 4671 epistola,

181 4801 212 4868 n)
232 4799 306 4862 liisl.
324 4813 538 4880 uum.eap.21.
614 4801 647 4872 b)
668 4817 735 4876 pag.
750 4807 809 4858 stt.
