4267 5500
842 577 1048 651 osone
1654 610 1727 689 29,

177 773 215 818 ec
238 749 415 835 discipline·
430 731 563 810 militari
579 764 644 808 non
663 743 831 829 vulgarem
851 746 921 811 abs·
978 748 1020 815 V.
1036 746 1072 812 C.
1092 748 1153 810 ilus
1175 747 1217 831 ἃ).
1250 750 1385 816 Canum
1404 776 1465 839 per
1484 778 1527 821 se
1541 758 1724 841 ltcuestsus,

176 854 269 929 tulit,
308 873 346 916 sc
383 850 525 934 denique
563 847 703 910 oblatum
738 870 756 911 e
786 850 920 911 Nerone
976 869 1086 933 neque
1102 847 1261 933 ingratum
1283 857 1407 938 populo
1432 858 1546 923 inuete-
1564 861 1627 924 sibi
1650 885 1725 929 sva.

178 956 460 1019 Tarraconensem
488 948 683 1033 Hispaniam
713 950 800 1015 veris
836 949 921 1013 ieme
978 949 1053 1012 ritis
1074 952 1230 1035 corrupit.
1269 956 1351 1020 Nem
1372 978 1447 1022 cum
1468 964 1637 1047 proposito
1664 964 1724 1027 mi.

176 1054 422 1135 srlmiuistrssit.
453 1052 619 1115 Excitatus
642 1073 660 1113 e
683 1050 821 1117 Vindice
846 1050 922 1114 Gsl·
978 1050 1089 1113 litibus
1103 1049 1172 1116 filio
1189 1054 1309 1119 Pisone
1324 1078 1367 1122 ne
1384 1072 1461 1125 tuuc
1477 1062 1625 1147 quidem,
1647 1088 1727 1131 cum

176 1160 295 1222 liurum
323 1154 491 1239 prsesitle,
523 1167 560 1216 ut
580 1152 755 1237 imperium
776 1172 837 1236 pro
858 1152 923 1215 Ne·
980 1152 1128 1215 munime-
1161 1168 1289 1240 tempus
1329 1154 1536 1244 postularet,
1578 1165 1725 1233 donativi

176 1280 260 1325 rone
280 1258 470 1342 acciperet,
492 1254 698 1339 repugnetis.
706 1253 918 1340 aliquamdiu,
980 1248 1180 1319 mentionem
1218 1258 1360 1336 fuceret,
1408 1277 1545 1327 recente
1584 1268 1728 1332 militum

177 1381 215 1425 sc
234 1374 305 1423 tum
325 1358 467 1443 (leuique
490 1356 670 1432 consensit,
701 1374 775 1418 cum
804 1375 922 1419 necem
981 1356 1057 1419 odio
1078 1357 1272 1441 tempestivo
1289 1380 1366 1423 usus
1383 1364 1472 1427 Otho
1489 1384 1590 1451 seper
1607 1370 1726 1448 auimo,

179 1461 433 1527 sihisNerone·
450 1458 557 1543 peruri
579 1456 742 1519 intellexit
763 1460 801 1539 ¹).
829 1458 921 1541 Ergo
981 1456 1068 1541 quod
1097 1473 1230 1542 praeter
1255 1477 1349 1543 spem
1375 1462 1473 1525 ulium
1498 1487 1516 1530 s
1540 1468 1642 1533 Gslbn
1671 1472 1728 1535 etl·

177 1582 359 1628 conscenso
386 1560 540 1624 tribunali
566 1559 706 1621 militum
732 1576 814 1623 voce
840 1558 924 1621 sulu-
981 1572 1126 1641 optatum
1154 1561 1255 1639 vidit,
1292 1576 1386 1627 sexto
1413 1580 1488 1648 post
1518 1570 1728 1655 adoptionem

177 1678 271 1729 tetus·
285 1664 466 1747 imperetur
487 1660 617 1723 nonnisi
638 1660 780 1745 legatum
808 1680 844 1728 se
872 1680 932 1731 se·,
981 1660 1034 1723 slie
1057 1676 1163 1724 cestre
1184 1674 1332 1747 occupat.
1361 1667 1535 1732 Conversis
1553 1670 1588 1732 iu
1604 1692 1729 1739 notum

176 1780 271 1830 uatus
305 1764 484 1851 populique
515 1763 556 1826 ll.
593 1760 760 1846 professus
796 1776 846 1825 est
875 1760 920 1843 ¹²).
979 1761 1162 1845 prinoipem
1190 1763 1303 1827 euimis
1331 1786 1408 1829 mox
1434 1766 1585 1833 desertus
1613 1794 1631 1835 s
1658 1775 1726 1839 suis

177 1870 377 1953 Comperto,
417 1862 636 1934 Vindiccmu
665 1862 815 1947 Verginii
845 1862 927 1926 Rufi,
980 1862 1085 1926 Gallu
1113 1885 1175 1927 une
1203 1885 1276 1928 cum
1304 1866 1374 1931 lilio
1395 1870 1556 1933 occiditur
1577 1873 1631 1937 die
1653 1876 1727 1944 XV.

177 1964 373 2034 Germsuise
393 1966 494 2051 legati
516 1964 619 2048 copiis
643 1964 763 2029 victum
782 1978 929 2029 mortuus
980 1964 1120 2027 luuuurii
1142 1966 1184 2033 V.
1207 1968 1245 2033 c.
1269 1968 1399 2053 Beer).
1435 1972 1516 2054 Ejus
1541 1972 1729 2058 ingenium,

178 2070 240 2136 sibi
255 2068 471 2146 conscivisse,
491 2087 606 2153 purum
627 2064 756 2141 eberat,
780 2066 858 2149 quin
877 2064 925 2131 si·
980 2086 1018 2131 sc
1038 2063 1184 2131 indolem
1203 2066 1392 2152 eleganter,
1419 2090 1457 2135 so
1475 2075 1587 2155 prucis
1606 2075 1729 2141 ‹leseri-

178 2188 230 2236 tsc
254 2170 483 2249 renunciarem
514 2168 573 2231 ssd
599 2184 674 2229 mcx
698 2166 823 2243 sedito,
851 2187 926 2231 coc·
980 2166 1028 2229 bit
1044 2169 1176 2231 Tacitus
1196 2168 1235 2251 ¹).
1259 2171 1440 2237 Tradiderc
1461 2174 1622 2259 plerique,
1640 2200 1732 2243 more

179 2295 250 2338 sum
270 2274 395 2343 Romae
411 2273 594 2347 Neronem,
618 2280 651 2331 et
668 2268 856 2334 universum
873 2288 924 2331 se·
980 2282 1071 2331 tuum
1096 2270 1232 2333 Guibsm
1256 2272 1370 2335 setstis
1395 2294 1486 2342 suno,
1503 2276 1665 2356 Luxus,
1694 2294 1729 2345 et

179 2388 289 2439 ustum
320 2374 354 2435 in
383 2372 484 2439 terite
511 2392 568 2435 sue
598 2370 741 2453 incesse,
781 2369 924 2452 suscepit
958 2368 1117 2434 'difficile
1147 2386 1214 2448 est,
1248 2371 1336 2438 huuc
1367 2356 1525 2440 sonorum
1542 2400 1732 2446 numerum

183 2478 337 2541 Caesaris
351 2473 603 2558 appelletiunem
619 2471 660 2555 α).
682 2472 733 2539 Vc
744 2470 861 2535 urbem
877 2472 925 2532 in·
982 2470 1170 2549 conficere,
1190 2472 1218 2537 si
1239 2458 1354 2539 serum
1376 2491 1454 2555 esc,
1473 2479 1570 2565 quosl·
1582 2500 1624 2544 eu
1646 2485 1728 2549 Sue·

179 2598 314 2661 gressus
331 2588 397 2653 est,
419 2574 528 2659 coepit
546 2572 701 2637 continuo
717 2569 857 2657 llsgrure
876 2572 925 2635 in·
982 2576 1073 2635 tonio
1098 2577 1296 2653 memorati,
1331 2590 1442 2641 ustum
1468 2582 1602 2645 Gelbsm
1628 2586 1670 2652 V.
1689 2586 1725 2649 (Ξ.

180 2680 285 2757 vidis,
323 2676 410 2764 quosl
440 2674 583 2741 atrocius
611 2674 650 2735 iu
676 2674 791 2737 noxios
822 2673 924 2739 sueri·
981 2674 1063 2756 751,
1090 2674 1131 2737 de
1153 2694 1218 2760 quo
1235 2676 1329 2757 vide,
1352 2700 1434 2764 quae
1457 2683 1581 2749 noterit
1599 2684 1732 2754 licimo

180 2795 247 2859 ret,
269 2793 304 2845 et
320 2779 546 2864 intempestive
561 2772 756 2860 persimouls
773 2776 926 2860 supplen-
981 2797 1039 2840 rus
1056 2775 1413 2852 edDiouisL.LX1V.
1432 2787 1458 2860 ς.
1474 2805 1487 2844 ι
1506 2797 1584 2849 notu
1595 2803 1627 2852 c.

181 2881 224 2948 rlo
238 2881 367 2947 osredo
386 2879 534 2944 studeret
540 2901 550 2958 ς
568 2877 850 2962 prseterisnorum
868 2897 930 2942 ve·

180 3003 237 3060 ro,
263 3005 301 3048 sc
323 2981 462 3046 militum
483 2979 606 3044 animos
627 2981 723 3064 plene
743 3000 761 3041 s
778 2999 813 3040 se
833 2999 925 3044 ster·

181 3085 220 3148 tit
247 3097 389 3170 uegeto,
428 3079 514 3167 quod
543 3079 714 3165 promeriti
744 3077 806 3144 sibi
835 3079 926 3144 vide·

180 3183 314 3262 lssntur,
343 3183 505 3248 domtiso.
544 3183 637 3267 Ergo
659 3181 853 3246 Germaniae
875 3201 927 3244 su·
1045 3177 1091 3239 lli
1116 3177 1384 3265 chronologicum
1409 3182 1548 3250 clusseru
1567 3206 1634 3251 nou
1660 3189 1729 3254 exi·

181 3287 324 3372 periuris
351 3283 446 3350 miles
471 3282 597 3368 primus
625 3282 816 3367 obsequium
838 3303 926 3345 rum·
983 3293 1077 3363 gunt,
1093 3281 1245 3364 quomrum
1262 3301 1382 3348 omnes·
1395 3285 1480 3350 iutro
1495 3303 1622 3374 septem
1637 3311 1735 3355 meu·

179 3407 261 3474 pere
280 3399 330 3452 est
347 3409 457 3451 sums.
482 3384 581 3477 Quod
600 3405 673 3450 cum
693 3396 782 3448 esset
795 3385 926 3446 nunciu-
982 3383 1066 3444 sium
1083 3382 1222 3465 spetlum
1240 3383 1357 3469 signati
1373 3401 1455 3452 sunt·
1486 3393 1592 3476 lingis
1607 3405 1731 3468 temen,

180 3505 248 3554 tum
268 3487 413 3566 Gulhue,
442 3487 535 3570 isque
558 3505 594 3550 se
616 3497 838 3570 contemptum
858 3505 924 3549 nou
982 3503 1079 3567 quum
1105 3504 1167 3566 pro
1192 3497 1259 3548 tsm
1283 3499 1374 3550 srcto
1397 3501 1565 3573 tempore,
1602 3492 1726 3556 Galbae

180 3603 318 3676 propter
346 3609 385 3654 eu
411 3589 506 3664 vitiu,
537 3587 598 3650 sed
625 3598 848 3664 senectutem,
877 3600 924 3650 st·
979 3583 1071 3645 numi
1094 3584 1234 3648 inomni
1257 3589 1391 3652 metullo
1414 3590 1585 3656 abundent.
1624 3595 1727 3658 Prae·

182 3712 244 3776 que
266 3691 441 3755 orhitstem
465 3687 641 3766 crederet,
665 3687 819 3753 Pisonem
840 3688 924 3752 Fru-
980 3685 1073 3749 mitto
1089 3685 1356 3769 portes-sntices3
1378 3701 1411 3751 at
1425 3711 1572 3771 stersus,
1596 3693 1625 3756 si
1642 3716 1733 3780 quse

181 3792 458 3876 giLieiuiunum,
487 3789 650 3867 nobilem,
684 3789 921 3874 egregiumque
978 3784 1108 3848 nonnisi
1126 3783 1236 3864 obsis,
1259 3800 1292 3850 st
1306 3787 1382 3853 tritu
1402 3789 1562 3874 offerunt,
1583 3795 1726 3866 brevite·

181 3893 426 3959 sdolescenteus
453 3890 622 3976 usloptsuit-
639 3889 693 3955 die
720 3889 759 3952 L
782 3888 929 3954 lunusrii.
979 3885 1020 3950 tis
1038 3905 1134 3950 csuss
1153 3886 1306 3954 omittere
1322 3888 1432 3973 juset,

1735 2927 1742 2970 t

1274 3013 1424 3080 Rumt'r
1752 3003 1758 3008 ⁸

841 4053 1070 4140 e⁸b

183 4199 222 4264 Δ.
321 4195 482 4262 GALBA.
504 4189 733 4266 mmm..
750 4192 930 4281 epigraphe
948 4191 1071 4270 terior,
1089 4189 1206 4252 mett

181 4301 219 4366 n.
321 4299 481 4363 censu
503 4293 784 4372 messuros,
805 4295 837 4356 in
860 4295 932 4360 sn.

184 4403 219 4466 C.
324 4399 482 4466 cuns.
504 4398 594 4466 tttt’.
614 4395 737 4460 CAES.
754 4394 855 4464 AVG.
875 4396 945 4459 llll.
963 4393 1000 4456 Ρ.
1019 4390 1199 4480 epigrsphc
1212 4393 1319 4458 uerior
1337 4394 1371 4458 iu
1390 4393 1517 4465 scen.

217 4717 248 4782 s)
267 4713 348 4772 Suet.
367 4725 427 4786 cc.
499 4710 534 4782 b)
554 4709 729 4768 scetem.
799 4699 830 4780 c)
850 4707 1026 4768 Sueten.
1096 4705 1133 4778 d)
1152 4706 1424 4772 Tacitllisclt&
1494 4709 1724 4793 s)l.s.t·tssq,

184 4801 301 4876 ctist.
311 4801 333 4866 1.
350 4813 394 4876 se.
511 4861 516 4876 ,

1336 4887 1436 4954 Oen
