4267 5500
423 575 471 639 20
1035 554 1086 627 m
1118 550 1366 661 ιιι-ιιι

484 723 525 791 Ω
546 730 669 809 etopus
691 722 796 809 ἆςιιη,
819 730 914 813 haqes
933 724 978 807 αρ’
993 720 1083 889 ἐσθ’.
1074 721 1173 810 Apo

486 930 583 1009 Ως’
568 953 659 1019 tepor
684 928 805 1017 ἤσκουν.
831 942 870 989 ou
896 920 970 991 δ’
951 951 990 1011 ue
989 842 1173 1005 iddihtm

995 1051 1089 1117 τιχη.

485 1136 547 1201 ΑΙι
573 1138 694 1200 misera
722 1136 849 1212 virtus,
887 1134 1022 1197 corbum
1058 1150 1172 1214 nempe

763 1255 854 1311 eros,
877 1252 938 1316 ego
957 1254 1032 1296 cero
1055 1246 1088 1321 tc

489 1336 658 1417 Tanquam
673 1354 742 1410 repr
757 1334 903 1397 colebam
908 1354 921 1414 3
941 1344 978 1397 ot
996 1346 1034 1397 tu
1052 1335 1173 1412 seroie·

763 1436 825 1497 bos
835 1435 1013 1521 fortunae.

419 1538 471 1601 Ex
487 1557 552 1623 quo
567 1536 707 1601 maxime
724 1534 844 1621 patuit,
862 1557 937 1600 cum
952 1534 1107 1602 virtutem
1121 1555 1172 1599 uc·

419 1654 594 1724 queretur,
610 1638 765 1705 virtutem
780 1637 884 1724 ipsam
899 1638 1061 1703 omisisse.
1084 1636 1171 1709 Vide

418 1741 618 1827 Appianum,
635 1742 790 1821 Florum,
810 1742 970 1820 Dionem,
985 1761 1023 1807 ac
1042 1740 1171 1827 praeci·

418 1864 484 1927 pue
501 1842 713 1959 Plutarchum
731 1844 764 1906 in
782 1844 855 1928 ejus
874 1844 948 1913 vita.

724 2026 869 2093 Numi:

560 2148 750 2217 BRVTVS.
786 2148 894 2233 Coput
918 2148 959 2211 L.
983 2148 1087 2213 Bruti
1111 2170 1171 2212 rsu-

561 2241 640 2312 dum
658 2250 844 2312 barbatum.

418 2350 582 2416 AHALA.
609 2352 717 2432 Caput
736 2350 873 2429 Seruilii
889 2351 1027 2415 Ahalae
1044 2352 1170 2415 nudum

371 2524 373 2529 ,
417 2455 603 2519 barbatum.
629 2451 702 2518 AV.
718 2451 789 2516 AR.
809 2453 908 2535 (Mus.
926 2451 1036 2535 Caes.)

462 2570 480 2651 ἰ
562 2552 1169 2622 tLBRVTvstPcosrAmEG.

518 2710 523 2717 ,
566 2658 675 2740 Caput
696 2658 747 2718 M.
764 2657 868 2718 Bruti
889 2658 1034 2720 modeste
1054 2658 1172 2720 borda·

561 2772 631 2823 tum
648 2763 739 2822 intro
757 2780 912 2822 coronam
929 2779 1099 2840 qucruom.

417 2862 458 2927 1..
488 2861 676 2930 BRVTVS.
705 2863 825 2928 PRlM.
854 2861 950 2928 COS.
991 2863 1100 2946 Caput
1124 2861 1164 2924 L.

417 2963 523 3027 Bruti
543 2967 667 3028 nudum
691 2966 865 3028 barbatum
892 2969 984 3028 intra
1010 2984 1168 3030 coronam

417 3086 585 3148 quernom.
607 3066 680 3135 AV.
698 3069 796 3144 (Mus.
813 3067 922 3150 Caes.)

558 3168 790 3235 LlBEBTAS.
817 3173 924 3251 Caput
944 3169 1135 3232 libertatis.

416 3269 606 3337 BRVTVS.
627 3270 780 3358 Consulis
792 3289 968 3351 processus
981 3271 1070 3331 inter
1083 3271 1168 3334 duos

416 3371 553 3432 lictores
578 3353 758 3452 praeeunte
782 3391 932 3434 occense.
967 3370 1039 3434 AR.
1064 3373 1165 3454 (Huc.

417 3472 529 3555 Caco.)
551 3471 733 3534 Restitatue
751 3469 848 3534 ctiam
866 3492 886 3534 a
904 3471 1057 3556 Trojano.

513 3573 645 3654 Aquilo
663 3577 694 3638 d.
710 3595 807 3637 crure
822 3574 973 3637 loureom
990 3576 1173 3656 stringens:

415 3669 605 3741 ΚΟΣΩΝ.
635 3676 761 3740 Consul
775 3679 955 3759 procedens
977 3679 1066 3739 inter
1085 3677 1170 3738 duos

404 3778 570 3855 dictores,
606 3781 643 3840 in
674 3778 910 3842 nonnullorum
941 3797 1021 3841 oreo
1052 3798 1165 3840 mono·

412 3899 569 3962 grommo
588 3898 633 3943 eo
654 3879 855 3958 litterishB
873 3879 1064 3966 conflatum.
1091 3878 1163 3950 AV.

416 3983 486 4047 AR.
506 3983 605 4065 (Mus.
618 3982 733 4063 Caes.)

478 4085 582 4149 Multa
607 4083 649 4147 ad
669 4083 861 4169 praeclaros
884 4082 945 4148 hot
967 4106 1085 4151 numou
1106 4085 1165 4150 oh·

415 4184 591 4266 servanda,
614 4200 650 4250 et
669 4185 769 4270 <ligno
792 4205 914 4269 operae
936 4189 1056 4271 pretio.
1084 4188 1165 4253 Our-

414 4310 474 4354 nct
490 4303 546 4355 tut
564 4302 661 4374 caput
680 4289 801 4355 vetusti
817 4288 906 4351 illiue
923 4289 961 4355 L.
976 4290 1060 4353 Iunii
1081 4293 1164 4354 Bru·

413 4392 459 4468 ti,
480 4391 537 4479 qui
551 4412 651 4478 reges
669 4391 751 4456 urbe
771 4392 900 4476 exegit,
920 4391 1111 4478 primusque
1130 4393 1164 4456 iu

414 4493 520 4561 libera
553 4496 682 4562 civitate
720 4495 836 4559 centul
870 4493 950 4574 luit,
985 4509 1039 4559 aut
1070 4517 1164 4581 argu·

415 4645 482 4662 -u

454 4741 485 4810 ι)
504 4733 537 4789 1..
551 4731 588 4792 v.
601 4753 633 4808 p.
649 4753 687 4794 m.
702 4747 765 4808 29²·
847 4735 882 4808 b)
902 4734 935 4790 L.
948 4733 1049 4794 XLIV.
1064 4755 1091 4793 e.
1114 4746 1157 4798 rt.

416 4832 447 4902 e)
467 4823 598 4902 Philipp.
614 4825 651 4881 11.
667 4843 692 4881 c.
711 4839 753 4884 tt.

1228 734 1376 786 mentum
1397 718 1559 798 offerant,
1587 719 1687 806 quod
1704 720 1746 785 ad
1773 743 1849 787 eum
1877 720 1983 807 perti·

1228 839 1316 891 ucat.
1354 826 1430 887 lure
1455 823 1520 887 hoc
1548 823 1624 887 loco
1653 822 1839 910 quaeritur,
1869 838 1982 889 utrum

1228 952 1249 991 a
1267 940 1384 993 cetere
1405 926 1466 989 illo
1483 924 1526 991 1..
1540 925 1645 989 Bruto
1663 939 1779 991 noster
1794 930 1841 992 Μ.
1857 927 1984 992 Βιιιωι

1229 1051 1334 1115 genus
1362 1028 1505 1092 duxerit.
1540 1027 1674 1092 Ειιιιιῧ
1664 1040 1753 1101 mter
1771 1029 1864 1113 ipseo
1887 1042 1982 1095 vete·
2031 1056 2035 1059 ·

1228 1153 1303 1211 ret,
1332 1131 1389 1218 qui
1416 1128 1644 1208 adfirmarent,
1675 1144 1711 1195 et
1732 1129 1788 1217 qui
1808 1141 1985 1214 negarent.

1228 1237 1319 1297 lnter
1346 1236 1407 1296 hoe
1435 1232 1590 1317 princeps
1618 1230 1794 1315 Dionysius
1820 1232 1930 1297 Halic.
1952 1234 1984 1313 ¹)

1225 1348 1364 1399 testatus
1386 1334 1611 1398 nobilissimos
1638 1354 1752 1398 rerum
1775 1336 1873 1401 Rom.
1901 1334 1985 1399 ocri·

1227 1449 1343 1522 ptonea
1371 1449 1470 1520 negat
1492 1435 1578 1499 ullos
1599 1434 1704 1499 Lucio
1733 1437 1871 1504 relictos
1899 1436 1984 1501 libe·

1229 1559 1286 1601 ros
1304 1560 1364 1601 teu
1380 1559 1503 1615 mares,
1521 1559 1581 1603 ocu
1596 1537 1752 1617 feminae,
1771 1541 1876 1602 caeeis
1891 1559 1984 1604 netu·

1228 1661 1272 1727 pe
1301 1640 1441 1725 abipso
1468 1654 1562 1725 patre
1590 1638 1728 1725 geminis
1753 1638 1850 1718 filiis,
1891 1638 1983 1727 quod

1230 1764 1305 1808 cum
1334 1742 1520 1827 Tarquiniis
1549 1742 1762 1810 colluserunt.
1801 1740 1906 1805 Addit
1932 1762 1983 1805 ar·

1230 1858 1440 1930 gumentum,
1478 1844 1549 1922 cui,
1585 1857 1622 1906 ut
1652 1856 1762 1928 putat,
1799 1842 1984 1908 contradici

1229 1961 1390 2033 nequeat,
1411 1942 1550 2010 Lucium
1569 1944 1670 2009 inisse
1691 1946 1823 2031 generis
1840 1945 1982 2031 patricii,

1228 2063 1261 2114 at
1279 2050 1408 2126 Iunior,
1433 2061 1468 2112 et
1481 2050 1621 2125 Brutos,
1648 2048 1705 2133 qui
1725 2070 1762 2111 ae
1784 2048 1825 2112 ab
1843 2068 1886 2112 eo
1903 2068 1984 2134 pro·

1228 2152 1335 2215 tectos
1354 2149 1552 2235 glorientur,
1569 2169 1683 2215 omnes
1699 2148 1800 2214 inisse
1816 2148 1983 2234 plebeios,

1227 2266 1265 2319 et
1287 2252 1430 2317 obivisoe
1451 2251 1660 2336 plebeiorum
1682 2253 1901 2338 magistratus.
1931 2253 1983 2313 Si·

1228 2357 1319 2421 milia
1343 2354 1512 2441 praedicat
1537 2355 1603 2418 Dio
1631 2354 1718 2419 forte
1750 2375 1794 2418 ex
1816 2354 1980 2437 Dionysio

1226 2459 1342 2523 hausta
1360 2457 1415 2541 b),
1442 2454 1615 2541 additque,
1644 2480 1663 2520 u
1688 2455 1799 2519 multia
1821 2455 1865 2518 de
1886 2453 1983 2518 iudu-

1228 2559 1307 2625 stria
1327 2559 1362 2622 in
1384 2558 1501 2645 vulgae
1522 2581 1688 2646 spartum,
1710 2562 1858 2624 Marcum
1875 2580 1895 2619 a
1914 2558 1982 2621 Lu·

1228 2662 1281 2725 cio
1297 2660 1522 2741 descendere,
1543 2674 1579 2725 ut
1596 2659 1826 2726 recordatione
1843 2660 1981 2745 generis

1211 2763 1270 2829 'ad
1291 2764 1508 2831 evertendum
1530 2786 1661 2851 quoque
1679 2766 1853 2828 Caesarem
1870 2777 1981 2847 tyran·

1225 2887 1304 2929 num
1323 2868 1534 2932 excitaretur.
1566 2864 1618 2928 Ab
1640 2866 1691 2930 hia
1713 2865 1835 2934 diverti
1855 2864 1980 2931 aheuut

1224 2967 1293 3035 alii.
1328 2968 1462 3032 Etenim
1487 2969 1683 3033 Plutarchus
1708 2969 1865 3036 advocato
1892 2983 1978 3033 teste

1224 3069 1404 3136 Posidonio
1435 3072 1518 3135 cluoe
1545 3071 1679 3158 quidem
1706 3071 1791 3134 lilios
1820 3070 1865 3135 nit
1889 3095 1909 3134 a
1935 3073 1977 3136 1..

1223 3174 1329 3239 Bruto
1343 3176 1452 3239 securi
1466 3196 1652 3260 percussos,
1666 3173 1727 3237 sed
1742 3173 1897 3238 relictum
1909 3188 1978 3237 ten

1224 3275 1307 3339 tium
1328 3277 1435 3342 adhuc
1455 3277 1631 3355 infantem,
1653 3276 1710 3363 qui
1731 3296 1835 3360 geuue
1856 3296 1978 3362 prope·

1225 3379 1323 3464 gavit.
1360 3381 1545 3445 Nonnulloe
1565 3379 1662 3444 etiam
1687 3401 1823 3459 eorum,
1854 3380 1977 3464 quiex

1224 3494 1324 3566 geute
1338 3483 1429 3545 Iunia
1441 3482 1591 3562 fuerunt,
1607 3480 1728 3546 codem
1743 3496 1828 3550 teate
1842 3502 1978 3567 reprae-

1226 3597 1371 3647 tentasse
1387 3583 1470 3648 facie
1484 3583 1578 3648 Bruti
1595 3599 1731 3649 statuam
1746 3588 1788 3668 ο).
1808 3586 1853 3648 At
1869 3586 1977 3648 multo

1226 3684 1291 3748 hoc
1310 3685 1444 3770 gravior
1458 3686 1578 3752 Cicero
1601 3688 1696 3778 tertie
1713 3686 1761 3752 cic
1785 3686 1820 3750 iu
1844 3701 1977 3772 patrum
2090 3771 2096 3780 ι

1225 3802 1339 3851 senatu
1354 3787 1483 3854 locutue
1498 3801 1550 3852 eet
1563 3791 1612 3872 d)=
1631 3792 1749 3854 Fuerit
1760 3791 1823 3855 ille
1837 3793 1878 3854 L.
1888 3791 1976 3854 Bru·

1223 3901 1298 3968 tus,
1317 3893 1376 3973 qui
1392 3903 1425 3955 et
1441 3894 1510 3974 ipse
1525 3895 1615 3974 regis
1626 3893 1803 3956 dominatu
1816 3913 1917 3976 remp.
1934 3895 1976 3957 li·

1223 3993 1370 4071 berooit,
1393 4005 1428 4056 et
1448 3993 1493 4054 od
1511 3993 1654 4055 similem
1672 3995 1847 4070 uirtutem,
1874 4006 1910 4058 ct
1929 3998 1977 4058 si·

1221 4094 1445 4177 milesoctum
1464 4095 1599 4177 stirpem
1613 4096 1650 4156 in
1662 4114 1765 4178 prope
1778 4099 1975 4178 quingento-

1219 4197 1341 4258 simum
1365 4216 1491 4260 annum
1510 4197 1725 4280 propagauit.
1754 4197 1973 4263 Luculeutiua

1221 4295 1300 4362 alibi
1316 4296 1359 4361 de
1375 4296 1531 4374 Decimo,
1551 4308 1586 4360 et
1600 4298 1714 4362 Marco
1730 4298 1844 4362 Brutia
1859 4301 1975 4385 couju-

1220 4399 1356 4487 rationia
1375 4398 1562 4465 auctoribus
1577 4420 1678 4483 agent
1693 4402 1742 4483 ⁰):
1765 4402 1892 4464 Brutos
1910 4423 1973 4486 ego

1220 4503 1438 4585 impellerem,
1474 4523 1613 4583 quorum
1637 4514 1777 4585 uterque
1802 4503 1844 4568 L.
1867 4505 1975 4568 Bruti

1239 4739 1271 4811 c)
1290 4737 1322 4796 iu
1335 4737 1426 4796 Bruto
1441 4735 1497 4796 suh
1511 4735 1576 4798 iuit.
1660 4739 1696 4815 d)
1714 4737 1846 4817 Philipp.
1858 4742 1884 4800 1.
1901 4760 1928 4800 e·
1942 4745 1969 4806 6.
