4267 5500
345 636 349 656 ,
444 564 517 644 ιιι
1058 536 1371 624 Taurumve.

450 745 547 794 serae
571 721 763 787 Gabaleasia
789 738 854 783 uno
881 739 964 786 anno
989 716 1096 782 serius
1122 737 1196 782 esse
1254 737 1312 782 seu
1339 713 1457 784 XXIX.
1475 715 1615 802 Augusti
1636 715 1793 802 auspicati
1817 731 1913 795 aunt,
1938 716 1997 778 etsi

452 824 733 900 eemtituendum,
755 842 836 908 quae
859 821 966 884 omnia
988 821 1070 886 olim
1086 821 1198 906 eopio-
1253 818 1453 904 principatus
1483 817 1596 902 paucis
1626 831 1750 922 tantum
1779 818 1899 883 diebus
1925 834 1997 882 aare
2096 851 2098 923 ι

451 933 520 995 sius
539 925 760 1013 eomprobnbo
776 924 809 986 in
823 921 994 988 Addendio
1015 924 1057 987 ad
1076 944 1194 987 nomos
1253 923 1324 1006 ejus
1340 919 1462 984 mensis
1478 919 1651 985 exordium
1666 920 1784 986 fuisset
1798 922 1919 986 aditus.
1940 922 1998 982 Er·

400 1067 405 1076 ·
452 1032 661 1098 Gabalorum.
676 1027 810 1092 Interim
825 1047 891 1092 non
905 1025 1083 1092 verisimile
1095 1025 1194 1112 modo
1253 1044 1297 1108 go
1311 1021 1492 1087 monadum
1505 1019 1590 1085 bane
1602 1021 1752 1106 regulam
1765 1021 1844 1086 trib.
1857 1037 1998 1107 potestas

451 1147 518 1212 eat,
557 1133 618 1198 sed
653 1129 749 1216 plane
782 1127 1011 1194 necessarium·
1033 1141 1196 1204 statuere,
1252 1127 1341 1192 XXI.
1359 1123 1443 1209 apud
1461 1123 1581 1208 'I'yrios
1595 1123 1681 1188 inire
1701 1123 1818 1188 debuit
1838 1122 1896 1188 die
1917 1125 1998 1186 XIX.

450 1237 552 1302 luisse
567 1234 744 1318 Traianum
764 1230 967 1316 adoptatum,
991 1243 1025 1294 et
1046 1229 1122 1296 trib.
1138 1251 1198 1312 po·
1255 1225 1410 1292 Octobris
1426 1227 1468 1294 V.
1482 1225 1518 1288 C.
1530 1227 1611 1311 etp.

307 1369 323 1390 s
451 1347 739 1412 teststeornatum,
754 1330 1128 1418 autequaminOrientis
1144 1352 1197 1394 ιιι-
1254 1363 1257 1368 -
1293 1328 1463 1412 Principio
1487 1327 1622 1406 modus,
1652 1349 1750 1415 quem
1775 1328 1830 1394 vir
1857 1327 2000 1392 eruditus

451 1441 548 1504 bibus
563 1439 598 1500 in
613 1448 768 1500 autumno
784 1435 826 1502 V.
839 1435 876 1499 C.
892 1436 958 1498 tea
972 1453 1078 1498 noros
1093 1453 1196 1498 annus
1254 1430 1296 1498 ad
1320 1428 1548 1523 eprIeandum
1570 1428 1658 1493 istud
1683 1429 1835 1514 aenigma
1865 1429 2001 1505 invenit,
2096 1472 2098 1509 ς

451 1541 570 1620 iniret,
589 1551 626 1604 ut
641 1537 795 1603 continuo
812 1535 946 1622 patebit.
1253 1547 1506 1620 praeposteras,
1530 1544 1566 1596 et
1587 1551 1735 1616 pugnare
1755 1551 1833 1595 eum
1859 1531 1935 1616 ipsa
1958 1553 2002 1594 ra-

493 1641 568 1706 Noa
596 1629 777 1706 exceasisse
805 1638 979 1722 Traianum
1006 1636 1083 1700 trib.
1105 1650 1197 1720 pote·
1253 1638 1346 1702 tione
1385 1634 1566 1703 videbatur.
1619 1633 1673 1696 An
1706 1633 1813 1710 enirn,
1860 1631 2001 1716 aiebam,

452 1755 567 1809 atatem
583 1741 676 1818 nt,
702 1753 766 1804 tam
785 1740 876 1803 numi
895 1738 1063 1804 commatis
1079 1741 1198 1805 Roma·
1254 1737 1347 1802 liouit
1373 1736 1628 1823 provincialibus
1652 1734 1752 1799 alium
1777 1749 1928 1800 statuere
1950 1737 2003 1798 ite

451 1847 506 1926 ni,
542 1865 637 1930 quam
671 1851 851 1936 marmpra,
889 1861 972 1927 quae
1003 1841 1103 1906 modo
1133 1843 1199 1907 aiut
1254 1839 1376 1905 madae
1404 1837 1481 1904 trib.
1504 1835 1675 1923 potestatis
1709 1835 1866 1914 modum,
1914 1859 2002 1926 quam

453 1960 563 2012 certae
600 1945 698 2024 fidei,
740 1944 909 2010 luculente
947 1943 1101 2032 produnt.
1154 1929 1224 2006 At'
1256 1961 1353 2026 quem
1372 1940 1444 2024 ipse
1462 1940 1637 2024 princeps,
1660 1960 1698 2003 se
1719 1953 1855 2004 senatus
1872 1943 1915 2004 II.
1932 1962 2002 2004 eon·

451 2050 608 2132 Bellejaas
628 2047 662 2110 in
684 2045 800 2111 eadem
821 2045 1049 2111 dissertatione
1070 2049 1098 2128 ·)
1119 2047 1200 2109 Τιι·
1256 2045 1378 2120 stituit,
1404 2039 1679 2127 observavitque?
1706 2063 1769 2125 qua
1791 2041 1925 2107 ratione
1947 2046 2003 2124 Ty·
2096 2104 2098 2124 Ι

452 2151 519 2234 jani
544 2149 639 2214 binos
672 2161 866 2234 argenteos,
902 2167 1068 2234 unumque
1102 2167 1200 2212 aene·
1257 2145 1301 2208 rii
1321 2144 1540 2222 tribunatum,
1565 2143 1639 2229 qni«,
1665 2142 1729 2206 etsi
1754 2143 1896 2229 singulis
1918 2145 2002 2208 annis
2096 2196 2098 2203 .

453 2274 529 2330 um,
565 2250 665 2334 Tyri,
696 2263 732 2312 ut
763 2248 974 2334 opinabatur,
1005 2269 1198 2334 pereussos,
1257 2260 1452 2323 renovatus,
1484 2244 1560 2310 anni
1586 2259 1695 2310 tamen
1721 2243 1832 2310 ritem
1858 2260 1929 2310 non
1954 2245 2003 2309 ob

454 2373 495 2417 ex
515 2351 689 2416 Pellesiuii
713 2351 866 2415 thesauro
891 2349 1036 2434 profert,
1061 2352 1095 2413 in
1121 2371 1200 2437 quo-
1257 2348 1371 2427 tinuit,
1401 2360 1554 2432 poteraut
1577 2348 1612 2410 in
1637 2367 1739 2424 anuos
1766 2369 1848 2412 suae
1873 2347 2002 2412 rationis
2096 2407 2098 2435 Ι

452 2475 526 2516 rum
540 2451 803 2535 avernalegiturt
821 2436 1199 2520 ΔΗΜΑΡΧᾸΞΞΚΑ.Ι
1258 2451 1480 2516 convortere?
1514 2449 1689 2526 Novimus,
1720 2449 1869 2536 singulos
1898 2451 2003 2533 bugu·
2096 2469 2098 2472 ’

454 2549 602 2616 ΤΠΑΤ.
618 2577 650 2628 s.
689 2551 802 2616 Serius
822 2551 917 2614 binos
939 2551 1062 2616 similes
1084 2573 1200 2637 argen-
1257 2567 1325 2616 stoa
1340 2553 1499 2631 natalem,
1528 2572 1595 2637 quo
1617 2550 1792 2636 imperium
1816 2551 2000 2626 obtinuere,

453 2669 527 2719 teos
551 2673 592 2718 ox
618 2653 739 2716 museia
757 2651 935 2716 Austriaeis
957 2654 1081 2717 addidit
1100 2653 1201 2719 Ilhel·
1258 2665 1293 2717 et
1323 2654 1400 2720 trib.
1423 2667 1619 2740 potestatem
1649 2675 1875 2731 renovarere,
1911 2675 2001 2738 peen-

453 2754 583 2839 lius-l),
609 2766 747 2841 quorum
764 2777 946 2831 unornane
964 2770 1014 2821 est
1031 2757 1065 2824 iu
1085 2777 1200 2821 museo
1257 2756 1333 2821 llari
1350 2757 1449 2822 modo
1467 2757 1672 2835 celebrasse,
1689 2770 1725 2821 et
1739 2778 1805 2840 per
1820 2757 1999 2840 provincias

455 2861 629 2926 Caesareo.
668 2858 761 2944 Ergo
791 2850 966 2943 Trajanua,
1000 2859 1089 2944 quod
1125 2880 1199 2925 eom
1257 2846 1593 2942 celebrari'juasisse,
1614 2858 1664 2921 uti
1684 2859 1857 2936 novimus,
1883 2858 2001 2943 Vespa·

455 2964 603 3026 Romano
635 2960 712 3027 trib.
739 2960 908 3047 potestatis
940 2974 1095 3044 computo
1125 2981 1201 3025 eon-
1257 2959 1349 3025 siano
1371 2961 1534 3047 placuisse
1554 2947 1836 3025 Ilalendas'lulias
1860 2964 1911 3045 ο),
1942 2962 2000 3023 Ha·

455 3063 560 3128 eiliari
581 3062 713 3148 nequit,
738 3059 1091 3139 omninotribuoatum
1113 3064 1200 3127 XXI.
1258 3061 1374 3126 driano
1399 3065 1455 3128 111.
1483 3062 1557 3127 idus
1579 3062 1720 3147 Augusti
1743 3061 1793 3147 d),
1824 3083 1909 3147 ergo
1933 3083 1998 3128 eom

426 3174 428 3181 ’
456 3165 572 3249 attigit.
609 3165 690 3227 Eam
714 3160 940 3227 difficultatem
962 3164 1009 3227 sie
1029 3152 1202 3228 resoluere
1258 3166 1406 3242 Romae,
1429 3186 1468 3229 ae
1489 3185 1553 3251 per
1574 3164 1759 3249 provincias
1783 3167 1999 3229 exsertantia

455 3263 593 3331 tentarit
616 3266 784 3347 Belleyus.
824 3264 985 3349 Suppouit
1012 3268 1037 3331 l.
1067 3286 1109 3330 ex
1138 3270 1203 3331 eal·
1259 3266 1390 3350 Belleyi
1418 3266 1471 3331 die
1499 3270 1617 3335 XVIII.
1642 3267 1848 3351 Septembris
1869 3288 2000 3351 contep-

458 3366 534 3431 eulo
555 3366 694 3442 Noriaii,
715 3386 833 3428 annam
855 3366 1030 3448 Tyriorum
1053 3369 1202 3453 eoepisae
1260 3368 1302 3431 tis
1329 3370 1413 3435 rotis
1439 3382 1596 3453 ageretur
1622 3370 1694 3430 XX.
1718 3368 1852 3453 Trajani
1877 3368 1997 3443 natalis,

340 3490 347 3501 ·
458 3468 512 3531 die
547 3469 633 3530 xlx.
664 3467 830 3533 Octobris.
883 3468 1045 3553 supponit
1074 3472 1133 3551 ll,
1167 3486 1205 3535 ut
1262 3468 1404 3534 eundem
1423 3484 1463 3535 et
1483 3491 1587 3555 egere
1611 3471 1723 3553 Tyrii,
1751 3470 1799 3536 sie
1821 3485 1945 3549 umen,
1966 3482 1996 3532 ut

458 3570 599 3633 diximus
635 3592 749 3655 supra,
786 3570 961 3653 Traianum
996 3569 1050 3636 die
1084 3560 1230 3639 xv111.5
1262 3571 1376 3637 solidis
1392 3574 1448 3637 XI.
1465 3572 1632 3637 mensibus
1650 3572 1728 3639 trib.
1742 3587 1937 3657 potestatem
1950 3594 1996 3635 au·

460 3670 664 3758 Septembris
695 3670 880 3756 adoptatum
910 3672 1025 3742 fuisse.
1066 3676 1205 3739 Conclu-
1261 3674 1485 3759 tieipateriat,
1511 3675 1604 3759 eujus
1620 3674 1771 3752 iteratio,
1794 3677 1910 3742 saltem
1927 3677 1997 3737 Tra·

460 3772 508 3838 dit
534 3774 653 3859 igitur,
690 3774 808 3857 Tyrios
838 3797 855 3839 a
886 3774 973 3840 dioto
1001 3776 1205 3869 Septembris
1262 3778 1329 3861 jani
1352 3775 1458 3841 adbue
1486 3790 1612 3856 aetate,
1649 3776 1781 3841 adieto
1806 3779 1906 3843 natali
1928 3797 1998 3861 pren·

460 3876 514 3940 die
537 3896 641 3961 usque
664 3873 704 3939 ad
728 3877 814 3938 XIX.
838 3875 994 3951 Octobris
1007 3864 1204 3943 'numerasse
1263 3879 1384 3943 debat?
1426 3878 1665 3965 Aegyptiorum
1699 3878 1906 3965 exemplum,
1939 3880 2000 3964 qui·

459 3998 577 4041 annum
593 3976 752 4060 primum,
771 3979 930 4042 sumendo
948 3999 1066 4069 anuum
1083 3980 1207 4045 ineam·
1263 3982 1324 4045 bus
1345 3979 1436 4045 adde
1453 3982 1640 4068 exemplum
1656 3979 1877 4045 Orientalium
1897 3982 1999 4043 inna-

459 4080 584 4164 pletum
604 4098 666 4162 pro
685 4079 867 4162 completo,
892 4094 925 4143 et
944 4080 984 4144 ab
1003 4081 1067 4147 boe
1086 4082 1141 4149 die
1158 4084 1207 4147 in·
1263 4078 1523 4150 ιιιὶιΕΤΟΤΣ.
1550 4078 1690 4147 NEOT.
1716 4079 1876 4160 IEPOT,
1900 4082 1999 4146 minus

460 4182 597 4246 eboasse
622 4180 818 4259 seeundum,
843 4182 931 4267 quod
956 4184 1054 4249 etiam
1077 4185 1119 4249 ab
1143 4186 1206 4249 Ae-
1261 4197 1355 4249 reete
1382 4182 1536 4269 quadrat3
1568 4206 1642 4248 nam
1672 4184 1723 4247 illi
1748 4200 1852 4251 anuos
1878 4183 1999 4270 imperii

462 4282 580 4376 gyptiia
605 4280 725 4345 laetum
750 4302 791 4345 ex
812 4282 920 4346 uomit
940 4284 1020 4368 ipsis
1037 4286 1206 4365 norimus,
1264 4288 1457 4365 Caesarum,
1476 4308 1544 4351 non
1568 4287 1768 4351 tribunitiam
1795 4300 1996 4373 potestatem,

462 4384 519 4470 qni
542 4404 660 4447 annum
687 4383 866 4450 seeundum
891 4384 1021 4471 imperii
1045 4389 1207 4473 Augusto·
1264 4386 1304 4452 ad
1327 4391 1404 4453 anni
1425 4389 1477 4453 sui
1496 4389 1640 4455 rationes
1657 4388 1995 4462 adoommodaverunt,

374 4504 377 4509 ’
462 4496 545 4549 aum*
561 4507 732 4572 sempera
757 4487 811 4552 die
832 4487 940 4573 primo
962 4490 1084 4555 mensis
1103 4492 1207 4570 Thot,
1265 4513 1303 4557 ae
1331 4506 1507 4579 propterea
1535 4513 1602 4556 non
1632 4491 1872 4576 inscripserunt
1900 4490 1995 4555 aunis
2096 4529 2098 4550 ι

466 4795 536 4853 tien.
603 4858 605 4863 ,

501 4709 532 4779 ⁸)
550 4708 695 4785 hem·
812 4710 848 4784 ι))
870 4711 1021 4790 subplem.
1037 4714 1076 4771 ad
1090 4714 1179 4773 vaill.
1196 4734 1226 4791 p.
1238 4718 1283 4781 ὁο-
1372 4685 1434 4790 ἰ)
1453 4718 1548 4777 Tacit.
1564 4718 1640 4775 trist.
1656 4716 1695 4774 11.
1708 4729 1754 4791 79.
1864 4718 1900 4789 d)
1918 4716 1995 4792 spu·
2096 4699 2098 4732 r
