4267 5500
292 589 298 595 ,.
425 573 472 641 5,
967 544 1088 621 sun.
1122 542 1440 622 contemta·

427 744 524 811 qnam
546 721 633 807 apud
658 722 840 805 Amorgum
869 718 992 803 aliquot
1020 716 1172 781 triremes
1294 716 1384 780 Pube
1405 725 1521 790 tenus,
1545 723 1715 795 postrema
1740 714 1883 776 immuni
1907 731 1979 775 ccr-

429 826 607 912 depressit,
637 824 825 907 Neptunum
851 840 899 883 se»
913 816 1109 903 appellarit,
1138 832 1178 882 et
1646 836 1729 899 porc
1744 816 1894 899 pistrix,

427 928 605 991 tridentem
625 924 763 1011 gestarit
777 909 817 1005 ⁸).
1294 917 1498 1000 Delphinum
1525 917 1772 981 conluuione
1797 917 1979 979 commisso

490 1028 653 1091 Donatius
679 1030 704 1092 1.
729 1036 863 1109 praeter
886 1023 1032 1106 Neptuni
1059 1036 1172 1106 typum
1649 1018 1813 1101 luporum.

427 1128 527 1193 habet
540 1128 659 1192 fratres
674 1128 746 1212 pins
759 1126 966 1201 catanenses}
982 1124 1037 1209 qui
1052 1142 1172 1206 nempe
1222 1119 1341 1203 >Lupus
1357 1120 1515 1205 appellnt,
1533 1106 1617 1204 quos
1630 1140 1650 1182 a
1665 1116 1800 1196 canibus
1816 1138 1883 1182 una
1899 1117 1978 1181 tari·

428 1229 672 1313 adcognomen
687 1232 743 1293 Pii
758 1226 924 1291 adludunt.
946 1227 1075 1287 Horum
1090 1246 1173 1290 unua
1229 1235 1278 1287 tas
1298 1220 1478 1306 distinguit.
1497 1219 1613 1287 Serius
1632 1216 1773 1285 Ovidius
1785 1221 1836 1303 ο)ε

428 1345 479 1395 est
508 1331 605 1420 etiam
634 1333 669 1393 iu
699 1329 806 1394 numia
837 1326 942 1411 gentis
969 1325 1173 1403 Herenniae,
1292 1324 1360 1388 Itta
1375 1326 1470 1407 seris
1492 1336 1602 1387 atrurn
1628 1324 1768 1385 canibus
1788 1321 1979 1404 incingitur

428 1446 568 1518 uterquc
596 1432 631 1492 in
661 1429 767 1493 nuruis
795 1426 951 1503 Catenae,
984 1449 1025 1491 en
1055 1426 1174 1512 quibus
1651 1424 1780 1500 alnum,

430 1533 549 1596 nobilia
584 1531 680 1612 hujus
716 1530 852 1593 fratrum
885 1528 973 1613 paris
1007 1527 1174 1591 historiam
1222 1570 1226 1578 -
1297 1528 1454 1609 Virginis
1471 1546 1535 1587 cra
1552 1543 1679 1606 gerens.

429 1647 517 1719 petet
561 1632 725 1696 Donatius
754 1633 795 1696 11.
825 1629 1015 1693 turriculam
1046 1628 1177 1692 triremi
1229 1630 1323 1692 Haec
1343 1626 1411 1691 etsi
1435 1638 1529 1705 nota,
1556 1622 1841 1689 commemoranda
1866 1636 1978 1693 tamen

429 1734 654 1797 imminentem
681 1730 833 1809 exhibet,
863 1752 959 1816 quam
980 1730 1175 1800 Vaillantius
1230 1728 1442 1809 videbuntur,
1464 1742 1502 1791 ut
1526 1726 1687 1790 artificum
1708 1749 1726 1789 a
1749 1726 1979 1793 vetustissimis

427 1835 711 1921 propugnaculum
757 1834 832 1899 naui
880 1854 974 1897 more
1024 1837 1176 1898 veterum
1230 1830 1338 1916 poetis
1365 1828 1582 1912 discrepantia
1608 1830 1641 1890 in
1665 1827 1831 1891 nonnullis
1858 1829 1982 1892 intelli·

428 1937 631 2022 impositum,
659 1936 903 2020 Havercampus
928 1948 1176 1998 monumentum
1234 1945 1339 2016 gutur,
1355 1952 1453 2016 quam
1465 1930 1500 1992 in
1515 1928 1668 2015 lingenda
1683 1929 1798 1994 eadem
1812 1930 1877 1994 bac
1889 1931 1983 2013 Scyl·

428 2040 464 2102 in
483 2038 629 2119 Neptuni
651 2037 814 2099 bonorem
842 2036 876 2097 in
902 2035 1001 2099 litore
1028 2050 1177 2101 erectum
1233 2033 1265 2096 la
1291 2034 1355 2116 jam
1383 2031 1524 2098 aduertit
1548 2031 1748 2095 Themistins
1769 2030 1807 2115 ί)
1845 2031 1983 2095 Similli·

430 2138 604 2203 existimut.
653 2140 835 2221 Vtrumque
874 2136 1044 2201 incertum.
1094 2137 1176 2220 Ejus
1233 2156 1319 2197 nram
1338 2134 1469 2217 Scyllae
1485 2133 1661 2218 imaginem
1680 2132 1778 2195 babet
1800 2132 1900 2197 etiam
1924 2156 1983 2195 nu·
2117 2207 2119 2210 Ι

431 2260 545 2307 aversa
567 2236 709 2321 Sepllam
731 2236 867 2301 horrido
889 2236 998 2315 cultu,
1024 2252 1058 2302 et
1078 2238 1178 2302 addu·
1232 2258 1305 2309 mus
1329 2235 1423 2298 Tarsi
1448 2234 1599 2312 Ciliciae,
1627 2256 1665 2299 ac
1685 2234 1864 2318 praecipue
1888 2237 1983 2299 numi

432 2354 485 2404 cto
502 2358 597 2403 remo
617 2324 711 2401 obvia
730 2338 912 2420 pulsantem
933 2339 1085 2416 exhibet,
1110 2358 1176 2424 quo
1234 2337 1445 2414 conteruisti,
1468 2337 1595 2420 Vlyssis
1615 2356 1677 2420 per
1692 2336 1814 2400 fretum
1832 2338 1983 2401 Siculum

433 2444 551 2505 Sextus
572 2438 783 2515 detrimenta,
813 2458 897 2521 quae
922 2438 1119 2506 Octavianus
1142 2441 1175 2502 in
1234 2443 1318 2517 iter,
1334 2438 1563 2523 sociorumque
1575 2439 1733 2523 jucturam
1750 2438 1910 2523 graphice
1927 2461 1984 2504 ex·

429 2543 520 2607 freto
544 2541 656 2604 Siculo
678 2540 817 2622 eoipso
834 2541 927 2617 loco,
960 2562 1026 2625 quo
1047 2541 1176 2623 Scyllae
1234 2542 1433 2627 primentes,
1459 2553 1494 2603 et
1518 2540 1633 2605 similia
1656 2540 1855 2625 perelegans
1877 2554 1985 2604 exstat

432 2644 551 2709 cubilia
581 2642 692 2718 fuere,
730 2642 873 2724 accepit,
911 2643 1078 2724 proposita
1108 2642 1179 2726 ejus
1234 2643 1322 2704 inter
1339 2642 1482 2726 picturas
1498 2642 1764 2707 Herculanensea
1778 2644 1822 2725 t).
1851 2642 1984 2727 Scyllae
2117 2681 2119 2688 ν

431 2745 570 2809 monstri
591 2742 731 2827 imagine
755 2742 798 2806 ob
820 2742 933 2806 oculos
955 2742 1056 2827 ponit.
1091 2741 1178 2812 Vide
1236 2743 1382 2829 effigiem
1413 2767 1541 2810 remum
1570 2745 1635 2810 alte
1662 2744 1810 2834 jactantis
1839 2743 1985 2810 artifices

338 2843 342 2850 ’
431 2849 516 2911 hanc
554 2844 727 2911 Octaviani
768 2845 895 2910 cladem
937 2847 1023 2930 apud
1060 2844 1179 2929 Appia·
1235 2867 1310 2910 cnm
1345 2838 1451 2930 poetis
1486 2868 1692 2912 communem
1724 2847 1887 2914 habuere.
1931 2847 1985 2911 Sic

430 2971 509 3013 num
532 2946 579 3032 ι1).
616 2947 668 3010 Ad
700 2946 837 3012 eandem
868 2947 1014 3031 pertinet
1047 2965 1177 3032 quoqne
1235 2967 1355 3029 nempe
1374 2949 1472 3012 etiam
1491 2948 1612 3032 Syllius
1627 2948 1826 3031 ItalicushJ:

432 3066 604 3136 tropaeum
645 3049 760 3114 navale
804 3048 929 3112 denarii
972 3051 1028 3114 111.
1088 3045 1180 3109 Istud
1303 3049 1420 3132 Scylla
1433 3072 1541 3134 super,
1547 3054 1663 3136 fracti
1673 3063 1895 3132 contorquens
1905 3072 1985 3134 pon·

435 3154 543 3234 Scylla
571 3165 751 3214 monstrum
780 3151 938 3214 marinum
962 3151 1025 3233 jem
1049 3171 1091 3214 cx
1110 3151 1180 3211 Hc-
1658 3155 1740 3216 dem
1756 3155 1854 3228 remi,

432 3273 527 3314 mero
556 3251 723 3334 cognitum
747 3253 795 3330 c),
830 3249 890 3313 sed
917 3251 972 3333 qui
1000 3251 1049 3312 illi
1076 3250 1179 3334 pedes
1301 3251 1473 3330 Instabat,
1489 3274 1668 3335 saeuosque
1684 3273 1804 3316 canunt
1817 3254 1986 3335 pandebat

432 3353 522 3426 llll,
545 3365 578 3413 et
598 3371 656 3413 aex
674 3351 758 3414 eolla
777 3352 953 3434 praelonga
971 3351 1109 3416 totidem
1130 3371 1181 3415 ea·
1660 3356 1787 3418 bintus.

434 3451 556 3536 pitibus
575 3451 717 3536 praefixa
733 3451 848 3514 tribuit
866 3451 1065 3516 dissimulate
1083 3453 1182 3536 virgi·
1499 3492 1529 3537 4·
1602 3455 1631 3509 ἱ
1703 3502 1723 3540 4

357 3633 363 3644 ,
437 3554 488 3616 nis
509 3553 631 3632 forma,
654 3573 751 3638 qnam
767 3551 853 3615 haud
874 3553 972 3618 dubie
990 3554 1108 3619 Graeci
1126 3574 1185 3637 pu·
1402 3555 1716 3640 ammenopes
1730 3558 1856 3621 nudum
1870 3558 1990 3621 borbu-

437 3655 594 3718 stetiorea
619 3654 803 3738 elegantiae
823 3654 924 3738 magis
942 3655 1080 3720 studiosi
1095 3654 1184 3719 addi-
1406 3668 1488 3718 tum.

434 3747 560 3834 derint,
574 3769 609 3818 ut
627 3769 854 3840 argumentum
870 3757 992 3840 gratius
1008 3757 1183 3823 variarent.
1244 3759 1325 3824 Sine
1340 3757 1529 3841 epigraphe.
1550 3757 1658 3822 Nauis
1674 3771 1830 3841 turgente
1844 3761 1936 3835 uelo,
1954 3766 1990 3824 in

401 3947 404 3954 Ι
437 3858 567 3939 Scyllae
588 3857 712 3939 imago,
737 3879 832 3941 guam
851 3857 994 3942 Virgilio
1015 3857 1184 3935 debemus,
1242 3881 1323 3924 urea
1339 3863 1514 3940 triquetra.
1533 3858 1607 3927 AV.
1622 3857 1720 3954 Quin.
1739 3862 1841 3943 (idus.
1857 3864 1907 3938 bi.
1922 3865 1989 3925 Du·

435 3960 492 4044 qui
514 3979 586 4022 eam
609 3978 676 4021 non
695 3959 807 4021 multia
828 3972 903 4042 post
924 3979 1019 4022 cusos
1043 3959 1105 4022 hoa
1127 3980 1185 4024 na·
1236 3961 1322 4044 cia).
1362 4004 1366 4008 Α

434 4083 506 4124 moa
533 4059 624 4125 annia
648 4059 815 4142 pinxerat,
843 4059 946 4144 magia
974 4080 1048 4124 cum
1075 4060 1185 4124 numia
1402 4055 1864 4130 MAG.PIVS.1MP.1TER.
1881 4067 1993 4147 Captet

434 4161 600 4245 conspirat
614 4158 663 4242 d)t
1403 4168 1528 4228 nudum
1544 4168 1692 4228 modeste
1703 4164 1881 4227 herbatum
1897 4168 1992 4230 intra

499 4267 613 4326 Prima
627 4260 914 4346 dominissacies,
926 4273 959 4324 et
973 4263 1114 4342 pulchro
1128 4283 1183 4345 pe·
1402 4285 1558 4330 coronam
1575 4286 1744 4345 quernam.

809 4433 815 4448 .
875 4374 985 4425 'ctorc
1001 4365 1095 4446 uirgo
1149 4383 1154 4395 ⁸
1238 4365 1397 4455 PRAEF.
1425 4368 1546 4431 chae
1572 4367 1646 4430 ΕΤ.
1675 4365 1810 4432 ottae,
1828 4367 1989 4454 ,atem

473 4609 506 4678 a)
523 4607 600 4663 Plut.
619 4605 656 4662 de
676 4605 744 4664 sort.
757 4603 839 4660 Alex.
857 4617 899 4660 or.
913 4615 940 4664 1.
1013 4604 1050 4676 b)
1070 4603 1143 4661 Bell.
1164 4603 1220 4662 civ.
1235 4605 1269 4662 L.
1284 4605 1321 4666 V.
1339 4626 1364 4665 e.
1379 4617 1424 4672 ω.
1500 4611 1531 4680 c)
1552 4580 1778 4680 ildpss.bl.85.
1855 4609 1892 4682 d)
1911 4613 1987 4673 deu.

432 4696 482 4795 lit.
497 4703 563 4840 apa
633 4698 663 4766 e>
684 4695 798 4752 lteram
813 4691 889 4750 xltt.
906 4705 967 4757 tat
1042 4695 1168 4764 OOrat.
1183 4693 1274 4756 xxn.
1292 4709 1400 4772 paru.
1473 4699 1506 4774 g)
1525 4697 1612 4756 Tem.
1623 4696 1675 4756 111.
1688 4694 1806 4758 tabet.
1844 4739 1849 4754 .
1882 4701 1919 4776 ts)
1934 4702 1990 4758 Pn-

436 4803 494 4838 utc.
537 4791 625 4842 .155.
