4267 5500
770 569 773 578 ·
851 571 1089 646 seclae.
1669 593 1740 664 52,

187 739 277 804 laeto
301 736 464 822 Spartiani
483 739 558 800 loco
577 740 759 822 arguentia,
784 737 935 804 Sabinam
992 739 1139 804 additum
1160 738 1260 805 decue
1284 739 1361 802 dum
1383 740 1515 826 utrique
1533 744 1740 824 gratulantur

186 841 253 924 jam
286 853 448 905 mortuam
482 849 557 903 ente
590 839 801 924 adoptionem
829 841 934 919 Aelii,
993 844 1193 920 Taraeutet,
1224 839 1308 904 iilud
1336 840 1494 924 peculiari
1524 843 1661 925 quadam
1689 867 1742 909 re·

186 961 288 1026 quem
301 955 410 1007 umen
424 940 611 1025 adoptatum
627 942 690 1024 jem
708 954 834 1008 constat
851 962 936 1008 euno
992 943 1102 1020 tione,
1128 956 1164 1007 et
1177 943 1213 1006 in
1229 945 1499 1020 ostentationem,
1526 965 1590 1027 quo
1609 946 1645 1007 in
1663 966 1743 1012 ocu·

187 1043 232 1111 V.
250 1044 286 1106 C.
311 1043 400 1122 888,
423 1055 479 1108 eut
508 1040 623 1110 salton
653 1041 800 1111 noudum
825 1042 936 1109 adulto
992 1045 1044 1110 loe
1070 1044 1165 1112 citius
1186 1046 1389 1122 incurreret,
1413 1043 1598 1110 numismati
1624 1067 1742 1132 argen-

189 1163 275 1211 auuo
296 1144 369 1226 889.
990 1157 1046 1209 teo
1071 1148 1229 1212 maximae
1246 1147 1372 1211 formae
1388 1147 1602 1231 insculpsere.
1632 1148 1739 1227 Novi,

988 1248 1205 1312 Pellerinium
1217 1247 1330 1314 literae
1342 1240 1408 1309 Al
1424 1248 1540 1332 legere
1559 1245 1742 1332 ΑΤτονομυ,

450 1357 469 1396 ¹
655 1359 675 1397 ⁶
988 1347 1189 1424 hauddubie
1208 1361 1395 1433 propterea,
1413 1350 1564 1431 quoniam
1583 1370 1659 1412 cum
1674 1351 1742 1432 jen

251 1451 416 1535 Egregius
439 1447 536 1512 etiam
564 1459 616 1513 eat
643 1468 801 1535 aequent,
836 1471 935 1536 quem
988 1451 1164 1534 praecedat
1198 1451 1392 1515 vocabulum
1423 1447 1655 1527 coenem,
1689 1473 1746 1515 ee·-

189 1573 232 1618 ex
254 1550 435 1615 Pellcriuio
463 1561 570 1614 totum
591 1549 781 1619 describere
814 1573 940 1639 operae*
994 1571 1097 1637 queue
1120 1549 1270 1638 Α’Τιγκςη
1292 1551 1441 1635 ejusdem
1466 1570 1541 1615 cum
1563 1551 1676 1636 priore
1697 1550 1740 1615 ai·
1841 1547 1846 1556 ’

187 1654 344 1738 pretium.
994 1653 1210 1735 gnificationie
1237 1652 1408 1716 manifeste
1437 1665 1525 1718 esset
1551 1655 1737 1739 tautologia.

330 1749 440 1818 ΑΤΤ.
450 1751 542 1820 ΚΑΙ.
553 1749 623 1816 ΘΕ.
635 1753 738 1820 ΤΡΑ.
756 1750 935 1821 timi.
992 1756 1037 1816 At
1054 1775 1134 1820 vero
1151 1755 1293 1838 primum
1309 1754 1380 1838 ipae
1393 1754 1515 1817 latetm
1529 1754 1742 1833 Pelleriuiut,

333 1852 402 1918 ΘΕ.
423 1851 529 1918 Nee.
552 1849 614 1922 tl.
637 1853 943 1934 TPAnAoPtA·
992 1861 1157 1942 nunquam
1182 1839 1265 1920 aliae
1288 1857 1470 1920 Tarteneee
1496 1855 1613 1920 tolitoa
1641 1858 1742 1920 Auro·

330 1951 443 2019 NON.
468 1957 574 2039 Caput
585 1957 754 2020 Hadriani
766 1959 937 2021 redictum
993 1977 1065 2042 νομυ
1082 1957 1217 2020 titolum
1242 1955 1348 2019 numia
1374 1955 1582 2022 inscribere:
1621 1955 1742 2022 deinde

331 2055 557 2121 intraliteras
567 2060 714 2138 grandes
728 2051 774 2119 H.
793 2053 842 2119 Π.
993 2073 1134 2146 propter
1149 2059 1264 2124 henc'
1253 2079 1357 2143 rpeem
1377 2056 1556 2137 rationem,
1577 2071 1614 2122 ut
1635 2061 1743 2123 minua

191 2155 408 2226 CABGINA.
427 2145 650 2224 ceBAcTH.
669 2155 936 2223 AAP1.TAPc.
994 2181 1154 2243 apparent
1175 2174 1262 2224 cenet
1273 2158 1469 2243 tautologia
1491 2182 1554 2244 pro
1573 2162 1634 2242 jem
1654 2161 1743 2224 dicto

189 2253 565 2325 MHTPOHOAGOC.
597 2261 704 2342 Caput
723 2258 866 2322 Sabinae
887 2261 946 2320 lo
992 2260 1208 2326 CGBACTH
1230 2261 1466 2327 substituerunt
1489 2257 1651 2352 ΑΤὙυςη.
1679 2265 1743 2325 Mi·

189 2383 253 2424 noe
273 2362 465 2443 impositum
495 2364 587 2423 intra
604 2359 724 2422 literas
742 2359 939 2440 groitdiorcs
994 2383 1055 2426 nun
1099 2360 1292 2427 offendieeet
1323 2362 1540 2426 Pellerinium
1580 2385 1746 2450 apparere

189 2457 266 2524 AT.
296 2460 367 2522 AR.
397 2479 481 2524 mex.
506 2459 593 2526 mod.
634 2457 785 2543 (Peterin
809 2462 889 2526 ldel.
913 2460 937 2525 l'.
995 2463 1078 2527 haec
1101 2464 1297 2548 tautologia,
1337 2464 1369 2526 ti
1387 2464 1574 2529 reilexieeet
1597 2466 1743 2528 animum

191 2583 267 2648 με·
286 2563 372 2644 liin.)
996 2564 1038 2629 ed
1056 2586 1190 2628 numum
1213 2566 1361 2648 ejusdem
1383 2565 1521 2631 Sabinae
1542 2566 1581 2630 ab
1601 2567 1742 2648 Haymio

252 2662 489 2748 Proponitur
478 2683 513 2724 m
538 2661 602 2727 hoc
627 2681 728 2725 numo
757 2661 938 2726 Hadrianus
997 2665 1122 2728 editum
1142 2667 1192 2748 ·),
1220 2668 1255 2730 in
1284 2688 1350 2752 quo
1377 2669 1490 2754 legat:
1526 2662 1748 2733 CAECINA.

189 2762 317 2831 cinctus
348 2784 471 2830 corono
498 2764 619 2829 radiate
648 2764 749 2829 ineter
768 2765 874 2837 Solia,
905 2777 939 2827 ct
996 2763 1220 2833 ceBAcTH.
1238 2763 1344 2834 A'rr.

192 2866 343 2930 Sebina'
332 2878 434 2932 motu
454 2866 588 2945 Lunae,
617 2884 700 2952 quoe
721 2864 756 2927 in
776 2864 939 2949 Augusto·

191 2988 267 3031 rum
301 2969 378 3053 peri
409 2968 561 3034 attributa
598 2980 732 3053 praeter
776 2978 938 3030 monetam
1257 3010 1280 3051 g
1361 2964 1381 3007 ⁹
1465 3013 1485 3048 0
1593 2982 1602 2995 ’

189 3072 370 3134 Romanam
391 3071 468 3136 inde
496 3093 514 3134 a
536 3071 663 3136 Severo
689 3088 756 3131 non
778 3069 872 3151 pauci
894 3069 943 3133 oi·

190 3171 306 3235 ferunt
321 3172 412 3235 numi
430 3185 522 3237 extra
538 3171 654 3235 urbem
670 3170 804 3253 eignati,
818 3184 852 3233 et
869 3190 942 3254 epe·
1002 3170 1225 3237 Coloniarum.

156 3318 162 3325 -
192 3273 302 3337 ciatim
331 3273 423 3337 numi
451 3272 598 3337 coioniae
626 3272 775 3337 incertae
794 3292 866 3335 cum
890 3292 941 3336 ce·
1361 3314 1365 3320 -

191 3374 313 3459 pitibun
332 3374 492 3453 Neronia,
516 3386 551 3437 et
570 3372 738 3440 Octaviae.
769 3373 837 3437 Sed
858 3374 940 3438 llaec
1060 3375 1227 3438 Hactenut
1249 3372 1283 3436 ei
1303 3384 1427 3437 tautum
1447 3394 1468 3437 e
1487 3369 1665 3439 Corinthiis
1687 3370 1744 3439 tie·

192 3460 336 3541 aliunde¹
354 3478 429 3540 tatia
458 3474 599 3560 cognita.
633 3476 758 3543 Verum
789 3473 875 3538 istud
904 3474 941 3537 in
997 3470 1135 3541 dicatam
1152 3489 1314 3555 monetam
1330 3488 1468 3540 coartet.

193 3580 258 3643 hoc
280 3598 379 3644 numo
395 3578 579 3664 poenituro,
601 3575 689 3661 qued
713 3576 748 3638 in
770 3596 846 3641 aren
871 3596 944 3659 par·

194 3682 237 3745 tie
253 3676 378 3745 antica‘e
394 3680 525 3765 legetur
541 3672 588 3745 Π.
605 3673 652 3742 Π.
668 3677 703 3739 id
719 3688 784 3741 cett
815 3672 945 3756 Πατεςα
1260 3706 1281 3742 a
1364 3659 1388 3699 ⁰
1466 3704 1488 3743 ο

193 3774 377 3863 Horatiae,
397 3782 431 3845 in
453 3803 530 3846 area
553 3798 690 3845 armore
709 3776 785 3845 AT.
817 3778 852 3841 id
876 3791 947 3842 ectr

196 3878 368 3970 ATeyesa,
389 3897 423 3948 et
439 3882 571 3969 quidem
583 3868 764 3967 'utrumque
782 3894 952 3947 exaratum·
1006 3880 1255 3944 Alexandrini.

197 3986 391 4053 charactere
418 3983 616 4071 grandiore,
654 3982 748 4069 quod
770 4003 847 4047 eane
878 4002 948 4048 non

197 4090 269 4154 eine
298 4102 391 4155 certa
416 4088 543 4153 ratione
566 4086 701 4152 'facturn
735 4083 839 4149 Plane
860 4084 946 4149 veri·
1064 4080 1192 4145 Horum
1220 4080 1377 4145 nonnulli
1403 4080 1536 4165 proditi.
1580 4081 1743 4168 Intignior

195 4190 305 4255 simile
322 4204 390 4267 ert,
411 4212 544 4253 numum
564 4189 649 4253 hunc
668 4188 768 4251 iniite
783 4184 944 4267 signatum
1001 4180 1050 4261 it,
1089 4182 1146 4269 qui
1174 4204 1294 4248 annum
1322 4181 1398 4247 tte.
1431 4182 1623 4269 incomptum
1652 4184 1745 4249 erhi-

193 4292 237 4360 V.
258 4294 294 4355 Co
319 4294 401 4367 881,
436 4312 501 4378 quo
525 4311 609 4356 anno
636 4291 791 4364 diximus,
820 4300 856 4351 et
879 4290 943 4353 Ha·
1001 4282 1060 4351 bet
1072 4282 1124 4368 b),
1145 4284 1236 4351 uude
1250 4284 1414 4371 arguitur,
1432 4283 1629 4366 utdictom,
1654 4283 1744 4349 satt-

195 4392 345 4459 drianum
362 4398 474 4475 petris
487 4398 635 4476 patriae,
657 4406 691 4457 et
705 4390 855 4455 Sabinam
872 4391 946 4453 Au·
1001 4408 1078 4455 nent
1101 4386 1208 4451 adhuc
1229 4400 1370 4453 exeunte
1393 4387 1543 4471 Augetto
1565 4386 1607 4455 V.
1628 4384 1666 4453 C.
1682 4386 1747 4468 dio

192 4512 315 4579 guttae
350 4494 461 4559 titulos
484 4493 674 4570 abetulieee,
711 4492 805 4580 qood'
823 4510 944 4558 uotum
1001 4490 1036 4552 itt
1051 4488 1136 4555 viria
1157 4487 1270 4555 initae.

204 4680 1736 4719 Μ

232 4800 265 4869 a)
284 4808 369 4867 Toto.
380 4810 415 4871 Il„
430 4808 488 4867 tab.
499 4821 543 4875 33.
558 4819 622 4883 tte.
698 4808 732 4881 b)
752 4805 910 4883 Theopoli.
