4267 5500
743 590 1068 673 uvovssvs.
1631 622 1678 689 ῃ

134 756 215 833 ηιό,
244 772 308 839 quo
330 752 479 837 posuisse
500 752 633 821 barbona
655 758 768 822 scribit
792 760 873 838 Dio,
992 764 1057 827 Ille
1072 766 1171 827 metit
1188 764 1342 845 bardum,
1371 767 1495 831 crinem
1512 768 1571 834 hle
1582 772 1677 857 depo·

142 868 172 917 rt
191 870 320 939 praeter
342 860 565 925 Romanorum
596 859 776 924 institutum
796 874 871 940 est,
948 929 956 943 ,
1402 869 1590 948 nitcmatr',

141 970 170 1017 et
193 958 279 1023 nullo
309 976 406 1045 pacto
438 963 629 1030 verisimile.
669 960 757 1056 Quin
783 962 872 1026 id'esu
991 964 1097 1027 Plena
1114 964 1231 1027 domus
1250 965 1332 1029 libis
1344 970 1528 1035 venalibus.

139 1056 211 1133 Ilio,
238 1080 311 1125 cnm
337 1064 458 1128 lactum
484 1066 571 1129 istud
594 1064 770 1143 describit,
798 1086 870 1128 eam
916 1060 1054 1157 Quibus
1081 1084 1164 1130 vero
1182 1066 1410 1146 caerimoniis,
1441 1082 1475 1132 et
1491 1092 1552 1155 qua
1568 1072 1674 1155 publi·

138 1160 295 1243 pssistssln
322 1181 463 1249 propter
486 1158 538 1231 'rei
563 1166 770 1229 insolentiam
800 1186 867 1229 non
917 1184 960 1227 sa
977 1166 1172 1229 solennitate
1191 1165 1246 1231 bic
1261 1189 1331 1231 mos
1349 1171 1584 1256 apt-incipibus
1600 1175 1674 1238 lue·

103 1325 111 1339 ,
138 1262 372 1345 dissimulasset,
394 1268 423 1332 si
448 1266 625 1332 morslulii
648 1268 717 1350 ejus
740 1270 866 1353 squalo-
920 1266 966 1331 rit
998 1268 1200 1345 celebratus,
1239 1267 1280 1331 ah
1308 1270 1464 1352 inspeetis
1497 1288 1670 1340 auctorum

137 1364 177 1425 ris
194 1366 313 1431 tamdiu
335 1370 458 1431 retenti
481 1390 576 1434 causa
602 1370 787 1434 exstitisset.
810 1372 867 1433 At·
921 1368 1022 1446 locis,
1062 1388 1144 1457 quos
1181 1370 1281 1432 modo
1308 1370 1420 1448 citeri,
1462 1385 1532 1434 tum
1553 1388 1587 1437 et
1609 1396 1671 1457 co,

137 1484 193 1551 que
210 1466 380 1553 hsce‘ipsa
400 1471 532 1537 omissio
555 1473 722 1537 luculente
742 1472 865 1556 arguit,
920 1469 1010 1555 quod
1036 1459 1084 1536 de
1106 1473 1240 1535 Nerone
1261 1485 1372 1535 narrat
1392 1474 1457 1536 Die
1480 1476 1531 1555 s),
1569 1492 1665 1561 potes

138 1586 268 1648 nunus,
290 1592 354 1638 cur
371 1572 504 1637 barbam
525 1576 691 1659 posuerit,
712 1574 814 1636 luisse
831 1574 865 1634 in
923 1570 1057 1635 crudiri.
1097 1572 1247 1635 Similem
1270 1594 1398 1637 rnorem
1414 1575 1555 1641 valuisse
1574 1578 1674 1643 etiam

136 1672 239 1753 tulgus
264 1674 451 1759 cognitam,
481 1689 515 1739 ct
539 1676 657 1759 passim
679 1688 865 1758 receptam,
911 1673 1009 1757 ⁴apud
1034 1674 1257 1757 Hieropolitas
1284 1676 1401 1758 Syros,
1433 1677 1588 1761 perhibet
1607 1682 1673 1744 Lu·

135 1790 207 1855 quac
236 1773 320 1837 adeo
360 1778 537 1839 memorari
564 1798 630 1839 nou
666 1791 863 1843 mereretur.
923 1776 1034 1838 cianus
1055 1775 1101 1858 ΙΙ).
1131 1776 1223 1838 {dem
1242 1796 1325 1859 ergo
1350 1777 1392 1841 de
1418 1778 1602 1864 principum
1624 1781 1673 1865 ju·

135 1872 205 1935 Eum
228 1874 325 1939 laeilc
351 1878 485 1963 reperio
510 1879 544 1939 in
569 1878 724 1961 juvenum
749 1880 867 1941 Romu·
922 1897 1044 1941 venum
1079 1876 1214 1941 barbula
1251 1878 1477 1955 sentiendum,
1514 1881 1671 1963 quotide

133 1992 237 2037 coruus
264 1979 521 2057 consuetudine,
542 1980 598 2061 qui
621 1980 753 2043 barbam
776 1980 866 2044 alere
924 1979 1036 2043 verbis
1056 1964 1243 2056 Ciceronis,
1274 1998 1349 2042 cnsn
1372 1979 1401 2041 is
1426 1980 1525 2042 dixit:
1563 1987 1674 2046 nostri

133 2074 167 2137 sd
188 2091 307 2141 cenam
334 2100 439 2165 usque
463 2094 604 2145 aetatem
631 2082 796 2161 solebant,
819 2083 867 2145 ni·
923 2081 986 2142 t'sts‘
1003 2080 1175 2144 barbatuli
1182 2082 1319 2159 juvenes
1341 2078 1377 2161 ἰ).
1413 2081 1547 2144 Assum
1562 2082 1672 2147 videa·

132 2176 236 2241 mirum
255 2180 295 2241 sd
322 2204 442 2245 sununs
463 2204 565 2269 usquc
588 2184 674 2260 XX„
696 2186 866 2249 autetiam
924 2200 995 2244 mus
1034 2202 1077 2243 ex
1112 2181 1237 2257 nemis,
1279 2181 1491 2249 Octavianum
1530 2183 1671 2262 diutius,

131 2280 216 2341 altra.
236 2282 359 2366 Pagina
374 2284 509 2347 nimiam
536 2286 630 2349 anxie
656 2305 739 2347 anno
762 2286 865 2347 Xllll.
924 2302 1019 2365 quam
1043 2281 1131 2345 istud
1157 2283 1211 2345 rel
1238 2282 1323 2345 dicta
1353 2284 1574 2362 consuetudo,
1610 2287 1667 2350 vel

131 2378 250 2444 barbam
274 2384 349 2447 redi
371 2386 498 2449 solitam
525 2386 672 2451 adlirmct
687 2391 731 2471 ¹),
772 2387 868 2451 nixus
910 2382 1041 2447 ‘Dionis
1063 2383 1284 2448 testimonium
1298 2386 1506 2468 permittunt,
1537 2386 1671 2451 barbanu

128 2484 305 2547 testimonio
339 2487 518 2551 Macrobiis
562 2499 614 2551 ter
644 2493 867 2572 septenarium
923 2484 1133 2571 promisisse,
1172 2472 1268 2549 aliam
1300 2485 1371 2567 ejus
1401 2487 1591 2571 explicandi
1619 2509 1671 2552 at·-

131 2604 289 2649 eumernm
306 2592 436 2669 requiri
448 2591 494 2653 aa
514 2591 693 2653 rudendum
719 2590 866 2657 barbam.
924 2586 1115 2651 cessandum
1137 2606 1210 2650 esse
1236 2607 1363 2650 causam
1386 2589 1547 2673 intelligo.
1576 2588 1671 2658 Veri·

131 2684 244 2750 lesum
270 2708 339 2753 non
365 2689 430 2755 bec
453 2690 532 2756 dicit
552 2690 757 2772 Macrobius,
787 2689 863 2756 sed:
921 2688 1031 2754 simile
1046 2687 1133 2753 enim
1148 2702 1218 2767 est,
1234 2688 1339 2774 posita
1354 2691 1459 2754 semel
1474 2711 1516 2754 ex
1533 2709 1670 2755 cousus·

128 2788 200 2852 Post
220 2803 269 2854 ter
287 2804 441 2874 septenos
464 2815 570 2857 annos
578 2794 672 2880 flore
689 2813 796 2878 gertus
816 2813 866 2856 us·
922 2792 1034 2856 tudine
1065 2791 1172 2875 prima
1199 2790 1316 2868 hurbe,
1351 2793 1462 2874 paullo
1492 2806 1566 2876 post
1594 2813 1670 2856 ean·

129 2893 182 2950 stit
214 2891 353 2968 iuuenta
376 2891 422 2974 ¹²).
473 2895 581 2980 Atque
617 2895 704 2960 hunc
737 2916 866 2959 morem
920 2895 998 2958 deus
1013 2913 1187 2957 revocasse
1207 2913 1302 2956 causa
1318 2893 1426 2955 luctus
1443 2892 1577 2974 publici.
1610 2895 1666 2959 Sic

129 3003 242 3054 tersum
263 3007 316 3056 cst
338 3015 356 3056 s
377 2993 549 3077 juvenibus
564 3017 694 3082 quoque
710 2997 865 3082 principi·
922 3009 955 3060 et
968 2995 1010 3058 de
1023 2999 1049 3058 Ι.
1061 2991 1200 3057 Caesare
1220 2993 1333 3056 scribit
1347 2994 1523 3055 Suetonius
1534 2992 1587 3076 ¹¹):
1610 3015 1670 3062 aa·

130 3089 181 3151 bus
197 3091 295 3158 luisse
310 3093 534 3164 observatum.
558 3097 729 3163 Octaviani
753 3119 865 3163 esem·
909 3101 995 3161 uita
1009 3097 1104 3159 clade
1125 3094 1302 3157 Tituriana
1315 3095 1449 3156 barbam
1465 3095 1669 3177 capillosque

128 3193 206 3274 plum
227 3215 269 3260 ex
300 3197 410 3262 Dione
438 3197 598 3264 dedimus.
641 3203 694 3265 De
716 3200 864 3283 Caligula
919 3198 1175 3272 summisit,rreu
1188 3197 1435 3277 assumpsit,
1449 3215 1548 3275 quam
1563 3199 1669 3260 uindi-

128 3307 225 3358 namt
254 3297 505 3383 secreuisse),
536 3321 612 3364 eum
640 3302 753 3366 aetatis
778 3323 862 3367 anno
921 3313 1040 3366 casser.
1070 3297 1115 3359 Et
1140 3293 1182 3360 de
1209 3294 1280 3378 ipso
1300 3293 1498 3373 Octaviano,
1520 3296 1579 3360 sed
1602 3299 1668 3381 jam

127 3393 188 3460 Ill.
238 3399 419 3484 sumpsisse
461 3417 587 3486 togam,
639 3417 674 3465 et
714 3403 862 3488 posuisse
920 3401 1070 3486 Augusto
1099 3395 1141 3480 ¹):
1164 3398 1246 3460 adeo
1263 3417 1404 3480 namque
1418 3411 1667 3464 consternatum

127 3495 266 3578 barbana,
312 3515 347 3564 et
380 3503 423 3566 de
458 3505 592 3567 Nerone
615 3502 668 3586 d),
703 3503 793 3567 idem
820 3503 862 3566 ab
911 3507 1035 3588 firunt
1056 3499 1167 3584 (clade
1184 3499 1342 3583 Vas-leue)
1359 3511 1398 3561 ut
1412 3519 1471 3581 per
1489 3503 1667 3564 continuos

127 3599 287 3666 celuim
319 3601 440 3668 l'sctnm
472 3618 577 3669 aetate
611 3605 715 3690 magis
743 3625 860 3689 provo·
920 3603 1552 3684 mensesbarduccppiloqurrummissc
1565 3610 1668 3683 ceput

127 3715 186 3774 cta,
206 3723 325 3790 nempe
346 3725 432 3768 anno
453 3705 570 3784 xxn,
601 3721 730 3772 etcum
751 3709 863 3790 Augu·
919 3704 1228 3789 interdumsoribus
1241 3701 1398 3766 illideret.
1418 3700 1666 3768 EtiamMAn·
1745 3775 1750 3782 .

126 3817 185 3864 stus
220 3801 286 3888 jum
326 3805 461 3886 luisset,
500 3807 589 3892 quod
620 3809 727 3894 ipsum
755 3807 862 3872 numia
917 3803 1045 3869 tunium
1068 3816 1144 3886 post
1162 3801 1289 3866 sladem
1306 3802 1526 3866 Mutinensem
1542 3803 1666 3886 promi·

126 3921 246 3990 quoqu
267 3909 439 3991 praeclare
460 3909 684 3978 confirmatur.
717 3909 806 4002 Quin
828 3923 863 3974 et
918 3907 1000 3970 sisse
1022 3905 1177 3983 barbam,
1203 3903 1304 3968 tradis
1326 3903 1521 3967 Plutarchus
1541 3906 1596 3987 ¹¹),
1618 3917 1663 3968 at·

124 4003 330 4091 Elagabalnns
348 4011 457 4075 adhuc
469 4009 547 4074 hnic
560 4012 788 4076 consuetudini
804 4011 861 4076 ob·
918 4028 983 4093 que
1002 4007 1091 4070 idem
1114 4005 1234 4070 lesisse
1253 4007 1411 4070 Catonem
1426 4005 1462 4067 in
1477 4006 1590 4070 Africa
1609 4027 1663 4070 au·

123 4119 328 4193 temperasse,
342 4131 387 4175 ex
401 4111 512 4176 Dione
531 4113 685 4178 discimus
705 4115 748 4197 ο).
769 4111 863 4176 Fuis-
918 4107 986 4173 dite
1013 4129 1148 4172 suerunt
1178 4106 1264 4192 sped
1300 4107 1466 4191 Thapsum
1500 4108 1661 4171 calamita·

123 4229 153 4270 te
172 4231 248 4276 eun
271 4213 371 4292 diens,
396 4232 463 4298 quo
486 4214 627 4298 primurn
641 4226 770 4279 resecta
789 4211 861 4276 ban
916 4224 951 4274 tc
972 4211 1014 4290 ΙΙ).
1044 4211 1168 4274 Luctus
1187 4209 1222 4271 in
1241 4209 1420 4275 Octaviano
1442 4209 1565 4293 publici
1587 4231 1660 4272 can·

121 4307 172 4385 hs,
206 4311 353 4380 laetitiae
391 4335 536 4394 acrum,
579 4315 691 4382 docuit
727 4318 859 4380 luvena-
917 4335 951 4376 sa
979 4333 1052 4376 csse
1081 4313 1187 4397 potuit
1212 4311 1380 4375 inimicitia
1408 4309 1485 4374 Sex.
1506 4309 1659 4394 Pompeii
1759 4363 1765 4380 ,

122 4411 156 4474 lis
174 4411 220 4496 ὓς
914 4433 981 4476 non
1004 4427 1071 4478 tam
1098 4413 1176 4490 sibi,
1198 4435 1294 4498 quarn
1312 4411 1387 4475 urbi
1405 4410 1529 4495 gravis,
1559 4410 1659 4474 inter·

152 4569 179 4636 s)
199 4565 275 4624 crit.
294 4565 358 4626 Bar.
377 4567 417 4627 sd
431 4589 497 4629 unu.
511 4572 583 4630 Chr.
597 4573 642 4636 56.
715 4568 752 4644 b)
770 4569 871 4628 Setun.
888 4566 1056 4643 scip.1..1.
1073 4569 1136 4630 c.6·
1211 4568 1243 4638 c)
1264 4565 1397 4640 Cap-10.
1472 4561 1507 4636 d)
1527 4563 1601 4640 cap.
1614 4575 1658 4626 tt.

122 4653 434 4730 caussasse.
524 4661 630 4734 osa.
644 4659 695 4719 111.
709 4677 738 4720 v.
750 4661 809 4724 rso.
902 4655 1168 4734 alumenu
1259 4652 1295 4725 s)
1316 4651 1657 4728 consacraneus..

120 4763 136 4809 ι,
158 4743 194 4801 sd
209 4745 500 4826 stuc.t.1.ep.ss
573 4750 608 4824 li)
628 4751 760 4828 Cap.67.
834 4747 859 4842 l)
881 4748 1016 4824 capus.
1090 4743 1425 4818 su)inAutou.p.923.
1500 4757 1534 4815 n)
1553 4744 1584 4801 in
1601 4745 1657 4802 Cs-

117 4841 177 4886 trus
194 4833 264 4890 usin.
