4267 5500
450 553 523 624 352
1065 510 1384 606 TRAIANVS.

448 709 544 785 dum,
575 725 634 770 teu
663 685 853 780 numerum,
884 723 966 790 quoe
992 703 1088 767 nobit
1109 701 1193 766 Gru·
1249 699 1292 764 tle
1313 697 1347 762 iu
1369 698 1516 782 Syrium,
1545 713 1581 764 et
1607 695 1700 764 initio
1727 697 1806 762 euni
1830 701 1994 786 tequeutit

446 825 557 887 terne,
604 804 821 884 Muratoriua,
866 804 1101 870 mediobarbus
1136 806 1193 869 ob-
1249 803 1431 868 eontiatere
1460 801 1672 880 Antioohiae,
1711 815 1746 866 et
1776 801 1926 886 experiri
1954 801 1995 864 ihi

445 927 596 990 wetere,
624 911 716 978 volet
742 921 933 974 contexere.
971 909 1044 972 Nun
1071 907 1194 973 hebent
1249 903 1454 970 horrendum
1470 904 1566 968 illum
1580 918 1690 970 terrae
1706 919 1832 968 motum
1844 905 1996 991 potuerit.

444 1015 575 1080 fabulae
602 1025 746 1077 monetre
773 1012 876 1097 magia
905 1010 1088 1090 olnaeoena,
1118 1009 1193 1074 Chi·
1250 1007 1491 1092 Argumentum
1514 1009 1543 1074 1.
1566 1005 1653 1071 duco
1680 1025 1722 1070 ex
1749 1027 1853 1072 numo
1880 1007 1995 1094 maigni

444 1137 587 1194 maerae,
628 1115 811 1193 Cerberon,
853 1115 1052 1193 Centauros,
1096 1135 1192 1199 quam
1250 1130 1354 1174 aureo
1380 1110 1487 1176 muaei
1509 1107 1680 1186 Ceennrei,
1711 1109 1746 1172 in
1774 1111 1870 1194 eujut
1899 1111 1996 1176 antica

444 1220 661 1304 inauspicatut
683 1217 710 1280 ie
734 1230 845 1301 partun
869 1216 951 1294 erit,
979 1231 1015 1281 ut
1040 1239 1101 1280 nec
1118 1241 1193 1301 pes,
1252 1214 1411 1297 'l'rujeuut
1437 1211 1559 1276 (licitur
1580 1211 1790 1280 OPTIMVS·
1811 1212 1940 1290 AVG„
1967 1229 1998 1277 et
2086 1282 2087 1289 χ

443 1345 503 1387 nec
523 1335 624 1404 eaput
644 1323 705 1384 uni
722 1321 882 1382 reddetur
888 1323 1035 1404 formae.
1063 1319 1192 1384 Sinceri
1239 1315 1284 1377 in
1316 1335 1448 1380 evertat
1487 1312 1605 1378 PROF
1606 1315 1753 1380 ECHO.
1786 1314 1995 1389 eth's'n,

441 1423 586 1510 lapidem
616 1433 650 1484 et
676 1419 768 1483 numi
794 1439 999 1504 nequequam
1019 1436 1095 1486 unte
1115 1442 1192 1486 eon·
1248 1430 1327 1501 typo
1350 1395 1563 1501 imperatoris
1587 1419 1712 1496 equitis
1734 1417 1769 1482 d.
1788 1417 1930 1481 hostum
1951 1439 1997 1501 ge

443 1527 582 1590 eulntutu
611 1524 667 1591 Vl.
696 1536 752 1586 eut
779 1521 908 1585 titulum
938 1524 1107 1600 Parthici,
1137 1537 1193 1586 eut
1249 1523 1393 1594 stantis,
1407 1507 1747 1602 praeoedcntefiguru
1762 1519 1931 1595 militari,
1945 1523 1996 1582 tri·

443 1627 589 1693 Parthici
616 1623 698 1687 belli
726 1623 811 1687 faeta
838 1622 965 1688 eietuut.
1005 1621 1104 1684 Numi
1134 1625 1193 1684 '1'l·
1225 1621 1312 1685 -bus
1328 1620 1550 1700 sequentibus.
1570 1619 1787 1686 Probavituue
1805 1619 1842 1680 in
1860 1618 1996 1682 enimai-
2087 1639 2089 1650 ·

443 1729 562 1806 Gnm,
598 1726 653 1790 tel
690 1725 831 1800 lNDlA,
871 1723 925 1788 vel
960 1721 1061 1788 REX.
1090 1723 1193 1784 PAR·
1251 1720 1406 1790 tertione
1423 1721 1612 1806 superiore,
1636 1722 1768 1786 titulum
1788 1721 1995 1788 omitit.
2087 1712 2088 1769 ἶ

444 1827 557 1892 THIS.
587 1827 740 1895 natvs
765 1823 875 1890 eddito
904 1825 1000 1892 COS.
1023 1827 1065 1892 V.
1089 1847 1193 1889 unum
1250 1823 1354 1891 Ave.
1374 1823 1408 1886 iu
1424 1821 1529 1887 antica
1546 1817 1720 1887 numerum
1742 1845 1811 1888 uon
1834 1825 1995 1910 eoepinae,

443 1929 692 1996 Mediobarbum
723 1948 921 2013 praeconem
951 1927 1084 1991 habent.
1124 1930 1193 1992 Hu·
1252 1925 1316 1988 niei
1338 1939 1493 1990 currente
1514 1925 1578 1989 hoe
1601 1947 1688 1990 anno
1708 1929 1751 1994 V.
1766 1928 1804 1990 C.
1822 1926 1891 2009 807
1910 1927 1994 1992 nt
2088 2000 2090 2007 Ι

443 2034 494 2116 jun
522 2031 643 2096 indicio
674 2033 702 2095 ti
729 2044 815 2095 etune
841 2029 922 2096 velit
934 2025 1192 2108 'Tillemontiut,
1253 2037 1329 2106 114,
1345 2048 1428 2112 ergo
1443 2049 1561 2091 uumut
1577 2047 1735 2112 praesent
1750 2043 1828 2092 ente
1844 2028 1936 2092 ltnne
1950 2051 1995 2091 au·
2088 2036 2090 2095 ἶ

442 2134 477 2194 in
499 2153 541 2196 eo
563 2134 711 2218 reperiet
725 2149 877 2209 numum,
900 2152 965 2216 quo
982 2145 1067 2195 teate
1088 2134 1192 2197 multo
1249 2151 1328 2192 num
1345 2129 1469 2214 signari
1484 2135 1551 2193 uon
1569 2131 1694 2213 potuit,
1717 2147 1817 2214 atque
1840 2131 1929 2193 adeo
1949 2149 1995 2189 ne
2088 2134 2089 2139 ’

437 2233 548 2299 adhue
578 2238 735 2299 maturina
767 2233 880 2298 licebit
911 2233 1036 2297 beilum
1064 2233 1192 2297 Partiti-
1249 2251 1315 2315 que
1330 2229 1571 2314 profectionem
1585 2232 1627 2294 ad
1642 2232 1730 2294 aliud
1745 2233 1891 2308 bellum,
1907 2253 1994 2318 quan

442 2357 517 2400 eum
539 2336 717 2417 inchoare;
750 2338 815 2420 jem
843 2337 930 2399 enim
956 2337 991 2398 in
1022 2337 1193 2400 eoueulutu
1250 2345 1433 2395 extremum
1452 2333 1539 2397 iatud
1558 2333 1746 2397 Pertltieum
1768 2334 1922 2398 iudicare
1947 2353 1993 2416 pe
2089 2366 2091 2399 ι

442 2439 499 2505 lV.
528 2439 684 2522 proponit
714 2439 874 2502 numisma
908 2436 1101 2520 inscriptum
1133 2441 1193 2501 Tl-

441 2537 553 2602 GRlS.
596 2540 704 2623 Atque
726 2539 814 2602 inter
834 2539 917 2601 haee
940 2537 1053 2602 netoio
1075 2561 1115 2602 en
1137 2561 1218 2615 ιω,

436 2637 561 2702 -dienda
597 2638 704 2703 adhue
744 2638 916 2704 videantur
953 2639 1081 2704 laudata
1119 2655 1190 2705 ueta

442 2739 589 2825 martyrii
615 2743 649 2807 8.
673 2741 806 2827 lgnetii,
836 2762 872 2807 ao
899 2741 1076 2827 praecipue
1101 2743 1190 2807 teeti·

441 2844 586 2909 menium
610 2843 767 2923 Malalee,
797 2846 852 2930 qui
880 2844 1000 2909 eodem
1025 2844 1090 2909 hoo
1114 2845 1190 2910 loeo

439 2962 508 3013 tam
534 2946 674 3011 absurde
698 2948 740 3011 de
759 2948 899 3031 Trajeuo
921 2950 1049 3025 inerret,
1076 2961 1112 3011 ut
1132 2947 1190 3009 mi·

441 3062 515 3113 rum
540 3050 707 3127 videatur,
739 3050 940 3133 argumentis
963 3048 1036 3114 aliia
1063 3064 1190 3113 eontra·

441 3153 526 3215 rium
557 3150 752 3215 docentibua
782 3152 823 3215 etl
855 3172 930 3216 eum
961 3152 1049 3216 velle
1084 3152 1189 3215 virum

441 3254 626 3339 quempiam
647 3251 816 3315 cordatum
833 3272 1025 3337 proruente.
1054 3255 1189 3318 Certum

387 3382 400 3395 ·
439 3356 559 3439 igitur,
582 3352 706 3417 bellum
723 3352 912 3419 Parthicum
929 3376 991 3420 neo
1008 3356 1111 3420 fnieee
1132 3355 1190 3419 tlu-

439 3458 535 3541 plex,
558 3476 620 3519 nee
636 3467 789 3539 coeptum
805 3472 880 3520 ente
896 3460 1098 3522 eoneulntum
1114 3462 1188 3538 Vl,

440 3558 546 3643 etqui
564 3558 626 3621 eliu
644 3557 750 3623 adhuc
769 3573 960 3645 argumente
980 3560 1089 3639 volet,
1109 3582 1190 3625 oon·

441 3660 525 3724 eulat
541 3660 665 3723 Norieii
680 3654 851 3744 epistolem
869 3662 1087 3730 contulerem.

482 3764 522 3823 ll.
557 3762 772 3845 luquirendus
800 3765 955 3829 continuo
983 3787 1085 3829 nunna
1112 3784 1189 3829 oon·

441 3862 563 3926 aulatue
584 3864 660 3939 Vl,
689 3872 753 3946 qu'o
774 3865 954 3930 verisimile
978 3880 1045 3945 eet,
1078 3868 1188 3951 Traja-

310 4052 313 4059 .
438 3982 517 4027 nunt
541 3964 727 4049 paludatum
753 3964 795 4029 ad
816 3966 940 4031 bellum
957 3968 1104 4034 Orientis
1121 3970 1189 4032 exi·

439 4069 536 4137 viane.
593 4065 888 4160 Quantumcunque
918 4072 1044 4137 varient
1078 4071 1186 4135 erudi-

437 4186 547 4235 torum
577 4168 620 4232 tle
651 4170 713 4233 hae
744 4170 951 4254 proiectione
986 4164 1186 4251 sententiie,

1249 2447 1326 2501 teet.
1358 2435 1505 2520 Cumque
1526 2437 1600 2501 fere
1622 2450 1750 2500 eertum
1776 2437 1839 2514 eit,
1867 2457 1993 2498 numum

1248 2557 1316 2601 nou
1342 2539 1525 2622 potteriue,
1553 2539 1616 2602 eod
1643 2537 1705 2602 tuh
1733 2539 1843 2622 iptum
1870 2553 1990 2623 tempus

1247 2639 1481 2724 proleotieuia,
1504 2661 1588 2726 quoe
1605 2639 1676 2722 ejut
1692 2639 1842 2706 feriundi
1857 2643 1991 2706 occatio

1246 2764 1325 2807 uem
1345 2741 1513 2827 praebuit,
1533 2742 1635 2807 fuitne
1657 2762 1870 2827 pereuntum,
1893 2745 1991 2831 eequi-

1247 2860 1302 2910 tur
1325 2846 1442 2925 etiarn,
1467 2844 1574 2931 ipaum
1594 2846 1660 2909 iter
1685 2858 1761 2909 aute
1784 2848 1876 2909 tunc
1900 2847 1990 2911 etiam

1247 2968 1368 3038 aunum
1393 2969 1460 3011 nou
1485 2948 1588 3011 suinae
1614 2963 1815 3031 tutoeptum.
1852 2952 1896 3013 ll.
1923 2952 1990 3012 Nou

1248 3070 1321 3115 erae
1335 3064 1523 3135 aueoeptum
1540 3051 1661 3127 aerina,
1679 3050 1889 3115 meniiettum
1904 3050 1939 3113 lit
1950 3072 1990 3115 er

1246 3166 1397 3237 tempore
1424 3166 1535 3217 terrae
1561 3166 1669 3217 metue
1689 3154 1911 3231 Antiocheni,
1934 3154 1987 3216 aed

1247 3255 1336 3340 qnod
1364 3254 1453 3321 inter
1482 3254 1706 3339 discrepante·
1735 3266 1787 3318 tot
1817 3254 1986 3321 tententiae

1246 3371 1321 3421 ente
1345 3358 1453 3421 omnia
1477 3356 1718 3423 stabiliendum.
1745 3357 1865 3421 Nullue
1886 3368 1986 3421 auoto-

1247 3480 1338 3537 rum,
1370 3460 1427 3546 qni
1447 3460 1519 3543 ejus
1539 3460 1658 3545 ttregia
1678 3460 1883 3537 meminere,
1909 3458 1985 3521 illutl

1246 3560 1394 3645 pluribus
1422 3562 1509 3626 notia
1536 3561 1783 3647 chronologicis
1810 3560 1984 3647 insignivit,

1245 3686 1343 3748 quam
1369 3667 1509 3728 loanuen
1538 3665 1656 3729 Halala
1679 3676 1718 3741 ι).
1753 3666 1890 3740 Narrat,
1916 3683 1984 3747 eam

1247 3766 1404 3831 uooidieee
1433 3767 1488 3831 die
1516 3768 1603 3829 lllll.
1622 3765 1823 3829 Decembrie
1851 3766 1930 3831 teria
1956 3768 1982 3831 l.

1245 3882 1322 3951 poet
1337 3869 1557 3953 gallicinium,
1573 3888 1670 3932 uerae
1688 3868 1913 3933 Antiooheuae
1932 3888 1982 3929 eu·

1245 3990 1290 4033 no
1312 3970 1390 4049 tola,
1418 3984 1493 4053 poet
1514 3991 1615 4034 eunot
1634 3970 1738 4049 tluot,
1759 3992 1802 4035 ex
1824 3990 1890 4055 quo
1910 3970 1982 4029 Tru·

1220 4074 1336 4157 -janua
1358 4072 1391 4133 in
1414 4071 1587 4136 Orientem
1608 4075 1710 4139 venit.
1741 4074 1861 4157 Coepit
1887 4092 1979 4135 annus

1244 4174 1470 4239 Antiochenut
1488 4173 1548 4253 ael
1568 4175 1602 4235 in
1623 4182 1779 4239 autumno
1797 4174 1838 4241 V.
1855 4176 1891 4237 C.
1907 4172 1977 4241 868.

438 4272 656 4336 eertieaimum
675 4285 781 4335 umen
798 4272 944 4351 videtur,
965 4295 1038 4338 eam
1053 4274 1183 4363 labente
1243 4296 1325 4363 ergo
1355 4276 1534 4342 aeouutlum
1561 4276 1712 4340 Malalatn
1743 4290 1853 4339 terrae
1883 4288 1978 4338 motus

437 4394 521 4438 anuo
542 4376 585 4441 V.
604 4376 642 4439 C.
664 4374 726 4455 ⁸⁶7
748 4374 941 4459 contigisse,
967 4396 1003 4439 ao
1028 4364 1185 4440 verisimi·
1243 4360 1385 4464 contigit
1397 4380 1430 4441 iu
1445 4380 1626 4443 Decembri
1642 4378 1790 4463 ejusdem
1810 4380 1886 4442 anui
1899 4380 1935 4445 V.
1944 4378 1977 4437 C.

438 4476 516 4540 liter
539 4476 625 4540 eirea
647 4491 851 4554 autumnum,
879 4478 926 4541 aie
948 4493 983 4541 ut
1002 4480 1184 4562 peragratio
1242 4487 1309 4547 lam
1342 4482 1577 4545 demonstravit
1605 4480 1774 4561 Norieiue,
1812 4482 1976 4565 plerasque

440 4578 536 4641 Atiae
557 4577 690 4643 minoris
709 4578 886 4663 provinciis
905 4581 1075 4665 appellere
1094 4582 1185 4645 ‹leiu-
1242 4585 1300 4649 ltan
1328 4584 1466 4648 Halalae
1500 4580 1593 4647 notae
1628 4598 1683 4646 aut
1715 4584 1802 4647 mule
1836 4581 1974 4651 dictatu,

477 4768 519 4851 a)
531 4782 696 4859 Chrouogr.
712 4786 744 4842 L.
760 4784 809 4845 xl.
