4267 5500
417 493 493 562 aro
780 580 785 585 Ι
973 457 1404 542 vesrasmttvs.
1446 496 1454 505 »

418 645 539 720 ximus,
578 640 726 707 hirsute
759 636 847 701 diem
869 634 941 701 XX.
967 634 1163 739 Decembris
1220 632 1276 707 dio
1292 645 1491 716 eompetuat,
1513 629 1680 695 etraroin
1697 630 1891 715 Vespasiani
1905 652 1965 698 nu·

420 766 532 810 oaesus
557 760 623 804 non
647 752 713 817 est,
741 751 775 802 et
794 738 857 802 hoo
880 758 992 801 rerum
1016 738 1163 820 potiente
1221 736 1282 799 mis
1307 735 1500 798 tribunioiae
1531 732 1699 816 potestatis
1726 753 1883 797 nameus
1911 756 1968 799 ax·

421 846 495 909 iieri
518 843 631 925 utique
656 860 725 903 nos
750 838 874 922 potuit,
900 853 935 901 ut
958 838 1166 923 Vespasiani,
1224 837 1386 920 primitur.
1404 835 1595 903 Verisimile
1608 848 1669 909 est,
1689 834 1729 896 ad
1742 834 1829 896 hune
1846 857 1965 898 anunm

420 945 485 1011 etsi
511 964 573 1026 per
606 941 789 1026 proriueiss
811 940 913 1024 agniti
939 939 1166 1022 imperatoris,
1223 936 1392 1020 pertinere
1417 938 1605 1021 complures
1631 956 1674 997 ea
1697 935 1740 997 iis
1760 936 1887 1013 numu,
1912 937 1967 1021 qui

420 1058 517 1129 eaput
540 1057 690 1107 monetae
713 1041 806 1103 urhis
828 1041 1040 1104 insereretur.
1071 1040 1165 1102 Resi-
1223 1038 1350 1102 omissis
1371 1037 1473 1100 titulis
1490 1033 1662 1119 pontr'fieis
1681 1038 1841 1113 maximi,
1863 1050 1899 1099 et
1909 1058 1968 1118 pu·

364 1179 366 1189 ·
400 1147 477 1211 'dui
501 1146 572 1210 dies
603 1144 657 1211 vix
683 1141 874 1206 suffecerint
900 1140 1079 1204 formandis
1100 1163 1164 1204 rna·
1216 1142 1285 1201 'tris
1303 1142 1453 1219 patriae,
1484 1156 1565 1220 quos
1582 1156 1649 1199 non
1673 1135 1804 1201 ridetur
1826 1137 1891 1201 nisi
1904 1140 1970 1203 lio·

418 1248 556 1314 triuibos
580 1264 684 1309 norae
710 1240 901 1325 Vespasiani
922 1252 1074 1304 monetae
1100 1259 1168 1304 ser·
1225 1260 1309 1302 mam
1340 1236 1447 1307 redes
1478 1236 1669 1321 adoptasse,
1695 1237 1892 1320 simpliciter
1922 1240 1969 1303 iu·

420 1349 547 1415 vitaris.
585 1346 629 1407 Et
651 1364 769 1409 revera
791 1342 899 1404 nullus
923 1355 1027 1404 exstat
1045 1342 1170 1424 Vespa·
1226 1342 1381 1427 seriptum
1398 1338 1537 1403 habent:

424 1451 507 1513 siani
534 1466 668 1521 numus,
708 1443 763 1527 qui
781 1462 842 1526 per
862 1442 974 1503 titulos
995 1438 1169 1525 inscriptos
1367 1438 1969 1510 trencaeestevusl’aststtve.

283 1621 289 1633 ,
420 1548 499 1613 huie
526 1559 647 1611 tantum
674 1564 758 1609 anno
784 1543 972 1607 necessario
992 1557 1169 1628 competat,
1350 1540 1471 1609 HG.
1492 1541 1565 1604 reis
1647 1586 1651 1591 .

422 1668 531 1734 name
550 1646 705 1730 possitis
726 1665 844 1707 annum
861 1643 1011 1728 proxime
1032 1664 1171 1729 sequen·
1368 1644 1456 1705 tur.
1486 1642 1609 1709 CAES.
1632 1644 1756 1714 VEBP.
1785 1644 1889 1715 Ave.
1919 1658 1973 1709 ast

424 1762 493 1815 tem
511 1746 650 1812 differri.
690 1750 817 1809 luteres
837 1765 878 1808 ea
892 1745 1031 1809 residuis
1047 1747 1172 1831 Vespa·
1368 1744 1529 1815 similiter.

423 1852 507 1918 sisui
537 1850 645 1912 aureis
678 1846 907 1929 argenteisque
937 1846 1045 1911 narnis
1074 1859 1172 1909 eruat
1228 1846 1391 1909 Ceterum·
1408 1844 1576 1922 existimo,
1599 1858 1671 1907 tuto
1689 1845 1730 1908 ad
1743 1846 1833 1910 huno
1855 1865 1974 1908 meus

419 1974 488 2019 nun
510 1950 623 2035 pauci,
648 1948 706 2033 qni
729 1948 794 2012 hoe
816 1946 922 2011 adhue
940 1968 1025 2013 anno
1045 1947 1171 2012 fuerint
1227 1947 1350 2012 referri
1366 1966 1463 2031 posse
1478 1960 1655 2030 sequentes
1674 1961 1807 2009 numos:

425 2055 563 2139 signati,
597 2050 752 2113 nimirum
779 2062 873 2112 extre
898 2050 1026 2115 urbem.
1077 2050 1172 2116 Tetti·
1368 2046 1971 2121 hidi’aGhBSARSESPASth'VS.

420 2171 491 2227 tas,
519 2152 576 2215 ubi
594 2151 713 2235 primas
729 2150 811 2213 balli
825 2150 981 2218 adversus
999 2150 1170 2218 Vitellium
1367 2149 1550 2214 ΗΠΒ.
1567 2150 1605 2214 P.
1628 2152 1733 2228 Caput
1751 2150 1953 2212 laurentum

424 2277 444 2320 a
481 2252 682 2337 Vespasiano
720 2252 863 2336 suseepti
903 2272 996 2317 ouras
1039 2272 1172 2315 enume-
1230 2249 1371 2317 TITVS.
1387 2251 1459 2317 ΕΤ.
1479 2250 1711 2313 nomme.
1732 2247 1975 2314 CAESARE&

423 2367 474 2418 rat
496 2356 547 2435 ¹),
587 2354 675 2416 inter
705 2340 854 2436 reliqisos
881 2365 1052 2437 apparatus
1085 2374 1174 2417 eom·
1229 2352 1343 2415 Peru.
1360 2352 1477 2419 tvutt.
1498 2353 1578 2435 (sio)
1594 2352 1628 2413 iu
1644 2351 1727 2415 alios
1748 2352 1864 2418 PiilN.
1884 2351 1975 2419 ΠΝ.

427 2468 589 2519 memorat
608 2453 723 2516 ariam:
751 2456 840 2534 apud
851 2454 1098 2516 Antiochenses
1114 2475 1174 2516 uu·
1231 2455 1313 2537 (sic)
1341 2456 1485 2533 Vterque
1502 2456 1628 2515 Caesar
1642 2454 1697 2516 vel
1711 2460 1747 2515 in
1769 2456 1851 2514 ettts
1865 2454 1977 2530 equis,

427 2577 500 2619 rum
521 2566 758 2637 argentumque
772 2555 936 2642 signatur.
959 2553 1111 2631 Constat«,
1132 2553 1174 2617 ad
1231 2554 1286 2617 vel
1292 2554 1395 2615 sellae
1408 2557 1517 2617 curuli
1532 2556 1689 2631 insidens,
1706 2556 1739 2618 d.
1746 2572 1890 2616 rantum
1901 2552 1976 2621 AV.

426 2656 644 2740 imperatores
668 2652 865 2738 pertinuisse
889 2653 1018 2737 signare
1037 2676 1173 2733 aurum,
1232 2655 1303 2716 AR.
1321 2657 1420 2737 (idus.
1438 2652 1546 2735 Caes.)

426 2771 462 2822 et
476 2769 663 2841 argentum,
682 2754 729 2820 uti
750 2774 805 2818 aes
826 2754 866 2818 ad
884 2769 1039 2818 senatum.
1063 2759 1175 2852 Quare
1249 2791 1255 2800 -
1297 2757 1349 2816 Ex
1364 2757 1473 2820 iurata
1491 2755 1732 2840 orthographia,
1751 2755 1877 2838 scripto
1891 2775 1986 2819 nera·

429 2881 543 2925 eurum
561 2872 705 2934 tantum,
735 2869 770 2919 et
787 2870 958 2940 argentum
979 2857 1093 2921 Tacito
1110 2868 1179 2922 me·
1235 2877 1277 2940 pe
1295 2858 1411 2925 iVssN.
1430 2857 1484 2921 rel
1509 2857 1988 2940 1VN‚pr01vvett.vmisi-

429 2973 589 3038 morstur,
617 2960 652 3021 in
669 2957 757 3042 qood
774 2971 896 3021 tantum
913 2961 964 3043 jus
976 2959 1178 3042 Vespasiano
1236 2957 1315 3020 mile
1342 2955 1398 3034 iit,
1426 2959 1488 3021 hos
1517 2977 1634 3022 numos
1656 2978 1730 3022 esse
1751 2978 1795 3021 ex
1814 2957 1874 3035 iis,
1901 2977 1986 3044 qnos

428 3063 501 3139 fuit,
525 3062 645 3124 omisso
673 3079 770 3135 aere,
799 3057 840 3122 ad
869 3059 956 3144 quod
988 3061 1179 3142 signandum
1237 3058 1430 3122 Antioohiae
1458 3057 1519 3120 sub
1547 3060 1737 3142 Vespasiani
1766 3058 1859 3122 initis
1880 3059 1989 3143 signa·

432 3162 592 3227 accedere
617 3159 729 3221 debuit
756 3172 885 3222 senatus
911 3162 1098 3238 auctoritas,
1121 3165 1180 3225 sed
1236 3173 1289 3222 tos
1315 3158 1400 3235 dixi,
1430 3157 1617 3221 fallentibus
1646 3179 1709 3243 per
1736 3161 1984 3224 festinationem

432 3263 487 3348 qui
504 3262 568 3324 hoe
587 3259 789 3322 annoadhuo
811 3259 845 3319 in
870 3275 1030 3342 potestate
1052 3263 1181 3328 Vitellii
1240 3260 1310 3343 ejus
1343 3259 1434 3322 urhis
1463 3260 1671 3338 monetariis,
1711 3261 1815 3344 iisque
1844 3261 1986 3324 Latinae

432 3363 505 3426 fuit.
551 3361 603 3422 Ex
626 3381 690 3443 quo
716 3359 946 3443 consequitur,
974 3363 1183 3446 quemadmo·
1239 3361 1370 3445 linguae
1395 3361 1500 3424 ntiaus
1527 3363 1658 3445 peritis,
1689 3383 1870 3449 quanquam
1895 3362 1988 3447 prio-

434 3463 510 3528 dum
540 3475 627 3527 certa
658 3460 795 3524 historia
824 3459 944 3539 refert,
984 3457 1086 3526 fuisse
1115 3464 1179 3527 hoe
1237 3463 1284 3526 ris
1313 3461 1402 3550 modi
1429 3463 1546 3528 altiore
1567 3462 1662 3527 etiam
1684 3487 1769 3534 aero
1792 3463 1910 3529 ridere
1936 3479 1990 3529 est

436 3567 499 3650 jam
526 3584 610 3629 anno
632 3563 777 3646 signatos
799 3583 917 3626 aureos
940 3579 1179 3651 argenteosque
1239 3566 1405 3648 exempla,
1442 3585 1541 3648 quae·
1565 3565 1714 3630 dedimus
1748 3567 1923 3631 volumine
1941 3567 1986 3634 V.

437 3665 628 3750 Vespasiani
668 3685 803 3741 numos,
838 3663 897 3727 sed
929 3679 1021 3728 extra
1046 3667 1181 3745 urbem,
1238 3663 1347 3748 pari
1363 3678 1397 3728 et
1413 3666 1490 3743 ses,
1506 3667 1585 3750 quin
1602 3681 1636 3730 et
1651 3668 1684 3730 in
1700 3668 1834 3732 lucerne
1848 3668 1987 3742 iuHer·

436 3767 479 3831 ita
511 3787 559 3829 ex.
579 3786 689 3829 rerum
719 3779 884 3849 gestarum
912 3766 1027 3830 ordine
1054 3781 1181 3830 eertum
1239 3766 1346 3830 euiani
1369 3765 1472 3830 ruinis
1486 3781 1618 3852 reperta
1634 3767 1757 3852 legitur
1770 3768 1905 3837 NOVH
1918 3791 1987 3854 pro

437 3869 535 3932 etiam
560 3885 648 3940 esse,
673 3857 792 3929 aeneos
819 3867 1009 3933 notaS.'G.
1036 3868 1181 3954 insignes
1236 3869 1400 3936 NOVVM
1414 3865 1459 3948 11·).
1508 3864 1675 3954 Atqueut
1694 3870 1988 3954 Vespasianus-hi·

436 3970 512 4032 huic
530 3989 612 4030 anno
629 3965 726 4050 adfigi
743 3987 809 4029 non
831 3987 938 4050 posse.
1238 3989 1298 4032 nos
1313 3989 1390 4031 suos
1405 3969 1490 4033 iiiios
1506 3971 1601 4052 jussit
1614 3970 1716 4033 inseri
1730 3987 1892 4052 meusne,
1910 3993 1987 4039 eos·

500 4067 654 4150 Ajeham,
682 4067 743 4128 etsi
763 4067 829 4130 hoe
849 4089 933 4131 anno
959 4069 1029 4133 rusi
1046 4068 1188 4133 fuerunt
1240 4092 1303 4156 que
1325 4070 1504 4136 insidentes
1525 4073 1635 4157 equis,
1671 4073 1720 4136 siu
1749 4074 1899 4152 credam,
1933 4095 1991 4140 se-

439 4169 528 4234 numi
548 4169 655 4244 aurei,
686 4182 718 4230 et
739 4168 904 4249 argentei,
933 4181 1040 4235 temen
1064 4170 1182 4233 deesse
1240 4173 1380 4235 eundum
1411 4175 1476 4238 hoo
1497 4176 1684 4258 exemplum
1705 4176 1905 4238 Antiochum
1924 4178 1989 4244 Ν.

440 4273 534 4336 nobis
562 4284 652 4334 oerts
681 4288 796 4332 eorum
835 4269 976 4333 criteris.
1021 4269 1087 4361 Qui
1112 4274 1182 4337 un.
1239 4273 1365 4339 vicinae
1381 4276 1617 4360 Commagenes
1637 4289 1706 4339 tum
1728 4297 1845 4361 regem
1861 4290 1990 4340 amnt·

441 4375 476 4437 Ρ.
496 4373 642 4448 addunt,¹
670 4372 766 4434 etium
793 4371 884 4434 auni-
899 4371 1064 4455 sequentis
1091 4371 1187 4440 dimi,
1240 4396 1303 4461 que
1329 4398 1422 4443 suum
1443 4377 1545 4440 hlium
1569 4378 1662 4465 equis
1684 4378 1764 4442 item
1786 4377 1992 4444 insidentem

481 4687 511 4758 a)
531 4684 711 4748 ilist.11.nt.
786 4681 821 4756 b)
840 4679 973 4739 Lucerna
990 4679 1118 4741 d'Ereol.
1135 4682 1254 4746 new.
