4267 5500
361 571 374 582 ,.
471 515 545 601 aaa
1068 452 1427 570 nauaturos

418 747 436 758 Ι,
472 675 657 756 imperator
669 685 765 750 eques
778 667 971 746 adloquitur
985 665 1124 730 milites.
1145 662 1217 728 ΔΕ.
1273 677 1344 728 tum
1371 675 1524 729 narrante
1549 663 1728 749 Eutropio,
1764 685 1831 728 non
1856 667 2000 749 placuisse

475 772 645 856 Wadi.)
1274 764 1441 830 Hadriano
1460 765 1595 832 Daciam
1617 765 1757 848 imperio
1775 766 1949 849 adjectam,
1972 784 2001 832 st

482 925 484 930 .
537 871 731 937 Hadrianus,
747 867 893 930 instituto
926 887 989 950 per
1012 868 1122 932 Asiam
1143 885 1219 949 prn-
1274 867 1448 950 abjecisset
1471 887 1543 932 cans
1560 867 1666 929 statim
1684 868 1726 931 ab
1743 869 1831 934 adito
1854 869 2000 954 principa·

476 976 682 1042 consularem
712 971 831 1034 itinere
860 967 1098 1054 Cappadociam
1121 966 1219 1030 intra·
1276 982 1327 1045 tu,
1348 968 1487 1052 perinde
1507 981 1603 1050 atque
1619 969 1828 1047 Armeniam,
1851 971 1912 1032 nisi
1927 971 2001 1032 aliud

476 1079 539 1156 rit,
561 1089 596 1142 et
608 1075 648 1140 ab
667 1072 831 1158 indigenis
850 1073 991 1152 seruitia
1008 1073 1130 1134 castris
1145 1088 1221 1151 pro·
1277 1070 1453 1133 suasissent
1472 1083 1523 1134 tot
1543 1072 1766 1133 maranorum
1796 1073 1942 1136 coloniae
1966 1072 2003 1132 ibi

465 1181 594 1264 futura
619 1181 779 1259 suscepit,
816 1185 853 1236 at
882 1171 988 1235 refert
1022 1171 1221 1256 Spartianus.
1279 1172 1490 1248 constitutae,
1505 1191 1587 1256 quae
1601 1170 1747 1237 abductis
1762 1171 1945 1256 legionibus
1959 1177 2004 1234 ho

476 1277 597 1357 aaut,
633 1297 707 1342 oum
729 1297 770 1340 ex
793 1275 902 1340 ricino
926 1275 1080 1339 Parthiae
1103 1273 1222 1350 rebus,
1279 1273 1377 1335 stium
1417 1271 1657 1338 incursionibus
1698 1286 1788 1338 totae
1800 1291 1823 1367 g
1840 1276 2005 1357 patuissent
2084 1264 2086 1267 ’

479 1394 515 1446 ct
530 1376 770 1445 conservandae
786 1375 967 1444 vicinorum
984 1396 1102 1460 regum
1115 1375 1224 1441 amici·
1281 1373 1371 1437 stituit
1399 1373 1501 1459 igitur
1528 1393 1569 1437 ea
1604 1387 1696 1456 parte
1726 1375 1923 1451 immutarit,
1956 1376 2007 1436 nisi

354 1543 358 1558 ,
478 1483 542 1546 tiae
560 1478 778 1566 prospexisse.
801 1479 853 1540 De
869 1478 1131 1563 monteArgaeo,
1147 1479 1226 1542 trito
1285 1475 1373 1561 quod
1389 1474 1558 1538 celebrem
1570 1474 1712 1538 Danubii
1725 1475 2009 1560 pentametram

480 1581 706 1668 Cappadociae
732 1578 898 1668 aymbclo,
931 1592 1038 1676 actum
1062 1580 1098 1644 in
1119 1581 1226 1646 numia
1274 1597 1384 1660 opas,
1406 1574 1545 1658 dejecit,
1573 1588 1611 1639 nt
1627 1575 1662 1638 in
1671 1576 1781 1659 hujus
1800 1591 1931 1641 moneta
1946 1577 2009 1639 diri·

482 1685 663 1750 Cseaareae
670 1680 920 1768 Cappadociae.
1090 1747 1095 1754 ,
1284 1700 1367 1745 mus.
1414 1677 1524 1773 Quare
1553 1697 1698 1740 marmor
1727 1677 1856 1744 editum
1875 1702 1894 1743 a
1913 1678 2009 1742 Grute-
2084 1724 2086 1747 .

844 1783 865 1820 ⁴*
1097 1791 1105 1803 ‘
1284 1801 1327 1843 ro
1340 1783 1386 1862 ¹,)
1407 1782 1614 1866 positumque
1636 1779 1825 1856 Hadriano,
1854 1783 1943 1858 cuitu
1958 1785 2009 1842 oir-

471 1865 727 1954 'ADVENTVL
755 1885 858 1954 Avo.
887 1885 1086 1952 ctmctnu.
1124 1887 1160 1950 S.
1189 1884 1227 1951 C.
1285 1895 1358 1946 tate
1385 1883 1540 1945 Dacia
1526 1886 1664 1964 imperio
1694 1883 1814 1944 additu
1839 1882 1932 1965 sellu
1955 1893 2007 1952 est,

478 1990 676 2067 Imperator,
692 1987 807 2051 etmul
807 1987 1102 2072 iersacrificantes.
1120 1987 1189 2052 ΑΕ.
1200 1989 1226 2053 Ι
1284 1997 1340 2047 aut
1358 1983 1598 2068 supposititium
1612 1981 1811 2068 putandum,
1832 1993 1888 2048 aut
1901 1979 2006 2048 ἰιιῐιιιίι

482 2087 614 2173 (Vpssh)
1033 2109 1049 2145 's
1284 2083 1478 2153 1ἆώΙῆοώ
1497 2105 1603 2153 reum·

544 2189 691 2254 Ciliciam
713 2188 922 2254 Hadrianum·
940 2188 1098 2268 adivisse,
1125 2189 1228 2275 eupli-
1544 2236 1565 2274 „
1647 2188 1668 2223 ⁴
1751 2235 1772 2274 ,

483 2304 555 2356 cate
580 2289 728 2355 historici
762 2311 829 2354 non
857 2287 1018 2376 prodant,
1055 2307 1165 2359 tamen
1192 2291 1227 2353 id
1328 2359 1337 2371 ‚
1430 2294 1477 2355 Vt
1493 2291 1546 2355 lit.
1558 2290 1604 2357 H.

480 2394 602 2456 factum
639 2405 714 2478 post
741 2391 806 2455 iter
831 2393 1106 2478 Cappadocicum,
1137 2392 1230 2457 colli·
1286 2389 1529 2460 anvEert
1547 2429 1551 2439 ·
1566 2389 1671 2464 ΔΥΕ.
1706 2386 1914 2456 elanus.
1933 2388 2008 2451 5.(1.

482 2487 572 2580 gitur
586 2515 627 2557 er
640 2491 821 2574 Spartiano.
867 2496 949 2558 Nam
968 2509 1043 2579 post
1062 2493 1145 2557 illud
1158 2516 1229 2558 nar·
1286 2492 1489 2572 Imperator,
1517 2505 1551 2556 ct
1577 2492 1697 2556 mulier
1720 2494 1767 2555 ad
1791 2511 1887 2554 aram
1907 2485 2009 2572 sacrifi-

480 2607 551 2671 ιιι,
585 2597 842 2656 circumeuntem
861 2599 1053 2678 prouincias
1071 2617 1231 2678 procura·
1279 2602 1419 2670 cantu,
1433 2593 1528 2658 dumi
1536 2594 1789 2675 jacctvs‘ctima.
1812 2594 1914 2658 am
1929 2593 2007 2674 (llus-

482 2709 591 2773 torcs,
612 2707 646 2758 et
661 2695 833 2776 praesides
849 2714 912 2777 pro
928 2695 1042 2779 sactis
1067 2699 1230 2778 supplicia
1289 2695 1402 2777 Cass.)-

482 2799 662 2879 adfmism,
682 2814 719 2859 ae
738 2792 858 2857 deinde
878 2794 1015 2861 intrasse
1035 2798 1070 2859 in
1091 2798 1229 2881 Syriam,
1432 2800 1480 2861 Vt
1496 2798 1549 2861 lit.
1562 2797 1607 2862 H.

482 2896 572 2983 qaod
606 2895 730 2960 iactum
768 2895 998 2963 'I'illemontias
1034 2898 1076 2965 ad
1109 2920 1229 2963 annum
1289 2897 1603 2967 RESTITVTORI.
1619 2896 1828 2969 GALLIAE.
1851 2901 2007 2984 Imperator

485 2998 526 3066 V.
546 2998 583 3062 C.
602 2998 664 3081 877
681 2997 797 3065 rolert.
1068 3060 1079 3081 κ
1289 3012 1427 3081 togatus
1443 2999 1612 3062 mulierem
1635 3002 1731 3066 dumi
1752 3000 2008 3086 prolapsamsao

746 3131 766 3169 a
810 3136 815 3146 ·
850 3085 869 3123 ⁴
954 3132 974 3169 e
1288 3104 1390 3165 leuat.
1409 3100 1480 3166 AR.
1498 3100 1913 3185 nuntiassemus)

629 3204 674 3264 Vt
691 3202 743 3269 lit.
756 3202 813 3297 Η.1
1280 3255 1286 3263 .
1351 3202 1498 3266 Primam
1512 3200 1670 3275 Hadriani
1684 3204 1766 3281 iter,
1795 3226 1840 3269 cx
1858 3203 1922 3289 qua·
1933 3218 2007 3285 pere·

420 3326 423 3331 ·
482 3301 630 3380 nacta,
653 3302 687 3367 8.
707 3302 744 3366 C.
785 3303 914 3365 Mulier
940 3308 1017 3385 rupi
1033 3307 1181 3371 imitleas
1197 3309 1230 3372 d.
1288 3305 1412 3388 grinari
1439 3303 1594 3381 institnit,
1625 3304 1788 3371 Gallicum
1812 3307 1876 3373 fais
1896 3316 2003 3372 sanare

470 3409 618 3485 ‚signum
639 3404 807 3478 militare,
828 3426 857 3467 s.
872 3404 1028 3486 gladium
1045 3410 1228 3471 incurvum.
1289 3404 1494 3489 spartiano..

483 3506 556 3575 Arc.
573 3505 598 3569 1.
612 3506 652 3565 ιι.
668 3505 769 3586 (uas.
784 3504 895 3587 caes.)
1546 3539 1592 3577 a·
1650 3494 1669 3531 *
1751 3540 1770 3575 a

630 3606 803 3683 mmm
1432 3610 1606 3687 mmm

483 3706 645 3773 EXERC.
668 3708 702 3769 in
725 3706 798 3772 aliis
821 3708 1084 3779 EXERCITVS.
1110 3711 1228 3775 naet-
1287 3712 1530 3775 Ganuenta.
1548 3713 1678 3777 Mulier
1692 3725 1787 3775 stans
1803 3716 1999 3782 diaetams.

484 3810 580 3878 CVS.
605 3808 640 3873 S.
656 3808 694 3874 C.
727 3810 914 3897 Imperator
932 3816 969 3875 in
989 3832 1072 3891 equo
1091 3813 1123 3876 d.
1138 3816 1228 3877 elata
1285 3813 1436 3897 clypeam
1450 3812 1696 3887 Germanicum.
1719 3814 1789 3879 AR.
1809 3807 2002 3896 (romeus.)

485 3924 555 3998 tres
571 3914 743 3974 adstantes
756 3912 882 3975 milites
896 3912 1102 3994 adloquitur„
1120 3914 1190 3986 ΑΕ.
1203 3917 1227 3979 Ι.
1430 3917 1476 3978 Vt
1493 3915 1546 3978 lit.
1560 3914 1602 3977 H.

486 4014 586 4095 (Mus.
603 4012 713 4091 Caes.)
912 4020 914 4027 '
1143 4046 1148 4051 ·
1286 4015 1546 4085 EXERCITVS.
1591 4016 1887 4087 GERMANICVS.
1922 4012 1951 4075 θ.
1973 4008 2001 4069 C·

548 4112 750 4179 Hadrianum
785 4112 947 4197 privatum
984 4114 1034 4179 his
1062 4117 1164 4181 laissa
1195 4118 1227 4180 in
1286 4121 1472 4199 imperator
1486 4139 1583 4198 eques
1598 4122 1725 4184 milites
1734 4120 1929 4200 adloquitur.
1945 4110 2000 4172 ΑΒ·

486 4214 605 4293 Dacia,
636 4214 789 4277 nimirum
820 4234 881 4298 per
907 4226 1082 4302 utrumque
1103 4219 1228 4283 bellum
1288 4222 1312 4287 1.
1332 4218 1444 4302 (Vaill.
1461 4221 1544 4283 Mus.
1561 4218 1671 4300 Caes.)

483 4317 659 4392 Dacicum,
678 4336 720 4379 cx
736 4316 906 4399 spartiano
921 4315 1085 4382 discimus.
1112 4322 1229 4385 Vtrum
1349 4322 1403 4386 Ex
1417 4320 1532 4383 Galliis
1547 4321 1741 4386 transivisse.
1753 4322 1788 4383 in
1803 4314 1999 4386 Garamam,

486 4416 577 4479 illam
607 4417 769 4499 Augustus
799 4416 955 4494 adiverit,
986 4440 1095 4504 neque
1124 4424 1228 4498 numi,
1286 4421 1393 4489 refert
1411 4424 1616 4506 Spartianus,
1646 4436 1744 4507 atque
1763 4421 1850 4486 idem
1865 4418 2000 4483 alibiaar·
2084 4453 2086 4462 ι

485 4538 593 4601 neque
616 4518 794 4601 scriptores
815 4519 1007 4583 meminero.
1048 4522 1137 4584 Istud
1160 4542 1232 4587 cer·
1287 4538 1353 4601 rat,
1380 4525 1421 4589 ab
1438 4544 1479 4589 eo
1494 4524 1665 4589 Germanis
1692 4544 1809 4608 regens
1830 4516 1999 4606 impositum·

484 4646 1998 4683 ..u-‚W

523 4724 759 4799 mmmmm
862 4739 866 4747 ’
