4267 5500
425 540 514 643 'aar
763 655 768 664 ¹
964 554 1200 631 vxoaas
1228 552 1484 629 caavntt.

445 728 563 791 ianou
580 724 762 801 dubitaret,
790 744 861 789 eam
877 723 1048 791 attam.
1071 722 1204 793 buain
1246 721 1324 785 duna
1354 721 1481 805 areptia
1508 720 1576 785 ιιιίι
1602 673 1678 787 eatis
1706 722 1873 805 provisam
1894 734 1995 801 earet,

447 816 685 892 matrimonium
718 824 921 900 adaniaeere,
954 846 1095 912 eamque
1125 828 1192 889 Ro-
1246 826 1415 889 Neronem
1460 846 1554 888 annm
1596 824 1828 909 imperatorem
1868 826 1995 909 populo

446 952 518 994 anae
536 928 577 993 ad
594 930 627 991 id
643 943 770 1013 tempua
793 929 979 1014 conjugium
996 927 1192 1013 patruinum
1249 925 1393 989 attendit
1414 927 1456 994 V.-
1471 927 1507 990 C.
1521 928 1597 1008 807.
1632 928 1708 989 Nou
1725 926 1891 1010 ingratum
1907 928 1998 1011 prin·

446 1045 546 1115 nepte
566 1018 727 1095 interium
754 1026 930 1095 atteratur
953 1032 1086 1095 nemine
1105 1028 1193 1103 iatud
1249 1027 1337 1111 oipio
1366 1041 1503 1110 experta
1531 1043 1582 1096 eat
1603 1028 1724 1109 fiiinm3
1744 1050 1821 1116 nam
1847 1050 1996 1093 numme

446 1134 552 1198 adhue
573 1146 732 1197 attentare
752 1154 846 1210 aueo,
875 1132 1064 1209 decretam,
1094 1143 1130 1193 nt
1146 1131 1194 1214 ja·
1250 1130 1394 1194 omnium
1408 1149 1521 1193 rerum
1538 1129 1758 1213 publicarum,
1785 1130 1999 1214 privatarum·

446 1233 692 1323 atae-deincep·
711 1234 798 1297 inter
819 1248 970 1319 patrnoa,
990 1236 1197 1318 fratrumque
1250 1252 1316 1316 que
1342 1231 1460 1315 palam·
1473 1232 1637 1315 praefuit,
1666 1245 1701 1295 et
1719 1234 1899 1306 ‚manniatet
1928 1231 2001 1297 dia·

447 1334 531 1401 tttiaa
545 1336 675 1419 nuptiae
692 1348 802 1398 eareat
826 1326 865 1417 ι).
895 1338 1077 1400 Decretum
1097 1336 1196 1397 etiam
1251 1333 1315 1397 tina
1334 1324 1368 1394 in
1389 1354 1431 1396 eo
1447 1332 1594 1417 fastigio,
1622 1332 1650 1395 ai
1669 1333 1836 1397 moderari
1860 1334 1942 1410 sibi,
1964 1348 2002 1397 et

449 1461 468 1502 ι
500 1450 630 1513 renata,
669 1448 705 1499 ιιι
721 1418 888 1519 'aarpento
916 1437 950 1497 in
981 1434 1068 1499 ludia
1098 1435 1196 1500 vehe-
1252 1433 1458 1497 diasimulare
1488 1435 1668 1519 juvenilem
1691 1434 1754 1498 titii
1774 1436 2001 1519 impotentiam

448 1536 607 1625 aeturh).
638 1520 777 1601 Additur
796 1558 881 1601 anno
897 1550 1057 1622 aequente
1078 1536 1198 1619 Augu·
1255 1535 1421 1602 rainiaaot.
1462 1537 1506 1597 Δι
1528 1536 1615 1599 enim
1640 1557 1714 1600 eum
1741 1537 2001 1621 annoaprnaime

447 1652 523 1703 stae
546 1638 658 1702 titulua
682 1640 722 1719 e).
767 1638 817 1701 Ad
840 1639 874 1701 id
896 1638 1059 1721 fastigium
1084 1652 1198 1705 ereata
1255 1650 1415 1720 aequente
1447 1638 1595 1702 aerariae
1624 1639 1675 1701 itti
1698 1657 1831 1702 amorra
1863 1638 2004 1707 tiberiae

450 1738 630 1825 Agrippina
660 1740 775 1805 altiora
807 1742 917 1825 eoepit
947 1740 1075 1818 moliri,
1106 1739 1199 1801 indn-
1255 1738 1356 1802 Aetea
1390 1738 1625 1822 exprobraret,
1671 1762 1780 1826 neque
1824 1740 2004 1824 objurgata

392 1914 397 1925 ⁵
450 1834 562 1924 aitque
582 1844 746 1919 maritum,
777 1856 813 1904 ut
839 1842 883 1907 Ia..
898 1842 1080 1906 Domitiam
1104 1862 1198 1905 auum
1248 1860 1318 1923 -pro
1342 1854 1492 1906 materno
1515 1842 1589 1924 jare
1613 1840 1797 1921 desineret,
1826 1842 1899 1924 ejua
1921 1865 1941 1906 a
1964 1862 2004 1906 ιι

450 1962 491 2007 ex
536 1943 643 2028 primo
689 1944 805 2008 marito
844 1942 967 2021 filiam,
1010 1944 1198 2029 adoptaret,
1255 1942 1397 2007 animum
1425 1942 1521 2022 piane
1547 1931 1676 2008 a'rertit.
1720 1946 1805 2007 ‘rum
1829 1963 1913 2011 vero
1938 1955 2006 2007 ter»

449 2066 558 2131 nequa
581 2060 694 2129 pnatea
716 2045 831 2123 desiit,
859 2046 1083 2111 Britanniaum
1105 2044 1200 2109 Clau-
1255 2043 1337 2121 rita,
1378 2063 1453 2108 nam
1480 2044 1613 2129 longina
1642 2057 1698 2122 ee,
1736 2065 1833 2129 qaam
1860 2046 2003 2123 volebat,

450 2145 496 2210 dii
510 2146 629 2227 filium,
659 2147 716 2233 qui
740 2170 824 2211 unua
842 2146 968 2211 Neroni
990 2168 1049 2212 auo
1074 2167 1138 2232 per
1152 2147 1201 2231 ip·
1255 2164 1468 2231 prograaaam
1486 2145 1586 2225 vidit,
1618 2160 1654 2211 et
1674 2147 1763 2232 qnod
1784 2146 1928 2213 maxime
1944 2148 2005 2211 do·

449 2266 502 2311 toa
523 2250 808 2327 nataleaaobstitit‚
834 2250 924 2311 omui
951 2248 1121 2316 atrocitate
1146 2267 1201 2310 re·
1257 2246 1362 2323 labat,
1406 2250 1586 2334 potentiam
1624 2249 1843 2328 imminutam,
1889 2250 2004 2334 eoepit

452 2371 540 2413 aare.
577 2350 812 2414 Hunlaeoeaait
829 2350 1002 2413 aemulatio
1018 2347 1199 2425 muliebria,
1255 2365 1418 2416 converso
1444 2349 1552 2413 atndio
1570 2350 1720 2415 omnibua
1735 2352 1772 2413 in
1789 2350 1891 2415 rebua
1909 2351 2007 2416 obae-

452 2462 512 2534 q'ua
529 2452 650 2528 axilio,
676 2466 731 2519 aut
753 2443 866 2537 ‚morte
884 2450 1032 2515 multavit
1052 2450 1198 2513 iilaatrea
1257 2453 1314 2535 qni
1329 2449 1400 2519 titio
1424 2450 1507 2515 adeo
1525 2451 1616 2515 omni
1638 2452 1766 2535 pudore
1790 2452 1941 2536 abjecto,
1968 2468 2007 2516 nt

452 2550 610 2629 seminas,
647 2574 726 2637 quaa
756 2565 812 2616 aut
829 2552 961 2615 ¹laetior
990 2552 1113 2630 forma,
1145 2564 1200 2616 ant
1256 2552 1432 2637 aliquoties
1454 2553 1640 2642 meretricia
1662 2554 1753 2619 cultu
1775 2556 1848 2637 ejua
1873 2568 2006 2641 turpem

452 2652 621 2727 natalium,
648 2654 778 2718 claritat
821 2652 1107 2730 commendabant,
1155 2666 1201 2716 aa»
1257 2652 1950 2722 libidinemreolamantenaturaaoiioitaret
1965 2660 2008 2739 ι).

454 2775 522 2840 qne
560 2756 745 2838 arrogantia
781 2755 854 2840 plna
893 2777 988 2840 quam
1026 2755 1202 2820 mulierem
1259 2759 1331 2821 Hae
1352 2769 1441 2822 artea
1468 2779 1544 2822 enm
1566 2758 1729 2823 ineaaanm
1752 2758 1929 2836 raderent,
1951 2779 2009 2823 ex·

455 2858 601 2921 denerat.
628 2857 822 2942 Namqaod
838 2856 1016 2944 inauditnm
1032 2857 1202 2936 bantenua,
1259 2879 1343 2925 nere
1379 2874 1449 2923 tum
1487 2880 1617 2924 omnent
1653 2859 1936 2938 moderationem,
1975 2876 2010 2926 et

453 2957 524 3040 i'paa
555 2957 588 3020 in
627 2972 786 3043 auggeata
818 2959 994 3046 uonapicua
1023 2959 1119 3023 aoiita
1151 2973 1205 3025 eat
1260 2961 1441 3026 transferre
1468 2961 1632 3026 adiectum
1659 2964 1767 3046 palam
1789 2964 1824 3025 in
1847 2963 2014 3055 Britanni·

457 3058 648 3142 praesidere
664 3060 764 3145 signia
782 3061 955 3137 Romania,
972 3073 1006 3124 et
1025 3063 1140 3128 audire
1158 3063 1205 3127 le-
1260 3081 1363 3139 enm,
1391 3063 1526 3148 adjectia
1548 3081 1616 3126 non
1642 3063 1783 3128 obaoure
1806 3065 1920 3143 minio,
1950 3067 2013 3130 ita-

459 3173 550 3240 gater
583 3181 700 3244 regam
722 3160 766 3243 d).
808 3161 960 3227 Advertit
988 3182 1027 3226 ea
1056 3164 1204 3228 mulieria
1262 3185 1333 3228 ram
1350 3165 1527 3242 inaurea,
1550 3163 1780 3249 atimperinm
1804 3167 1876 3229 filio
1902 3179 2014 3230 extor-

447 3253 651 3343 'impotentia
671 3263 775 3344 iprum
802 3263 900 3327 etiam
920 3263 1094 3328 socordem
1112 3267 1206 3330 Clau·
1261 3278 1377 3357 turam.
1420 3267 1482 3329 nt·
1516 3279 1698 3330 commotu
1726 3267 1820 3330 Nero
1846 3269 2011 3333 Britanni·

460 3358 506 3419 dii
533 3360 691 3452 animam,
721 3363 936 3448 prorupitque
957 3365 1131 3450 aliquando
1160 3380 1207 3432 te·
1263 3387 1338 3432 cnm
1355 3387 1483 3434 veneno
1507 3387 1527 3431 e
1550 3367 1660 3433 medio
1680 3369 1756 3432 toiit
1780 3369 1818 3450 ἴ).
1842 3368 1918 3462 Qua
1935 3391 2011 3435 eae·

460 3461 623 3524 mulentua
648 3462 680 3526 in
707 3463 896 3547 quereiam,
926 3465 1027 3530 fatale
1050 3467 1133 3543 eibi,
1170 3481 1207 3532 nt
1264 3467 1306 3532 de
1333 3467 1437 3551 magia
1462 3467 1525 3550 jam
1552 3468 1689 3534 efferata
1713 3470 1915 3556 Agrippina,
1946 3495 2015 3536 ma·

459 3561 632 3646 conjugum
661 3561 783 3650 flagitia
807 3565 932 3643 ferret,
957 3567 1032 3630 dein
1060 3566 1205 3652 puniret.
1263 3570 1379 3654 giaque
1414 3568 1520 3636 indier
1554 3570 1665 3637 rerbia
1699 3571 1808 3636 minax
1833 3573 2013 3639 ridebatur

459 3665 598 3748 Excepit
614 3686 687 3728 eam
710 3687 824 3730 rorant
839 3666 1036 3751 Agrippina,
1066 3683 1233 3754 eumque·
1263 3671 1448 3756 perniciora
1492 3673 1526 3734 in
1562 3673 1666 3736 fliium
1713 3673 1823 3736 moliri
1862 3675 2011 3740 eonaiiia.

439 3763 591 3826 0timeret
608 3767 732 3830 Neroni
748 3789 822 3846 ano,
842 3789 888 3833 aa
902 3789 963 3853 per
981 3767 1097 3834 iratum
1111 3769 1206 3835 Clau·
1264 3771 1363 3864 Quod
1377 3791 1453 3836 enm
1468 3786 1633 3838 metueret
1653 3776 1763 3853 Nero,
1787 3775 1933 3858 primum
1946 3797 2014 3840 ma·

458 3861 548 3926 dium
581 3866 712 3949 imperii
743 3890 802 3954 ape
828 3870 996 3934 excideret
1024 3873 1114 3950 (nam
1136 3886 1228 3940 tum.
1261 3874 1307 3936 tri
1337 3875 1507 3940 militaret.
1524 3876 1677 3942 excubiae
1706 3876 1835 3954 adimit,
1869 3878 2012 3942 subinde

461 3966 602 4030 maxime
629 3967 787 4033 Claudiae
808 3969 916 4035 taedio
940 3974 1052 4038 uxoria
1078 3973 1206 4059 paterni
1263 3995 1304 4040 ex
1331 3974 1450 4061 palatin
1477 3976 1632 4042 alienam
1663 3976 1850 4042 transsatam
1876 3979 1920 4041 ad
1946 3979 2013 4061 pri·

462 4065 496 4128 in
523 4063 745 4133 Britannicum
771 4070 917 4136 adfectat
936 4071 1055 4138 indicia
1072 4075 1206 4141 nantta·
1262 4091 1368 4142 ratam
1408 4077 1507 4144 vitam
1550 4077 1684 4164 redigit.
1742 4079 1892 4143 Tandem
1933 4099 2012 4144 num

461 4167 573 4250 atarit)
602 4168 775 4235 observato
807 4185 976 4256 tempore,
1006 4195 1074 4260 qao
1106 4181 1207 4263 aege'r
1263 4179 1355 4242 Nero
1390 4198 1502 4241 amore
1532 4181 1704 4265 Poppaeae
1728 4179 1870 4245 Sabinae
1894 4181 2016 4246 inaeni-

462 4270 658 4349 decuberat,
695 4273 766 4356 eiua
798 4287 937 4336 mortem
960 4276 1123 4371 medicare
1151 4278 1208 4341 bo-
1264 4292 1341 4355 ret,
1365 4293 1462 4364 atque
1486 4280 1568 4346 bare
1591 4282 1742 4348 omnibna
1761 4282 1870 4346 modia
1893 4285 2016 4367 Agrip-

462 4377 535 4438 lato
561 4373 749 4453 maturavit,
786 4392 891 4460 eaque
926 4373 1050 4439 tamdiu
1087 4378 1207 4457 uelata,
1265 4371 1694 4471 pinneneeem'anaderet,
1719 4383 2014 4453 anao'V.C.81n

502 4596 533 4666 a)
553 4595 622 4652 Tac.
639 4597 714 4652 Ann.
725 4597 826 4661 X11.5.
844 4615 905 4674 aeq.
924 4598 1045 4656 Straton.
1058 4600 1089 4655 in
1106 4599 1212 4659 Claud.
1228 4621 1252 4660 a.
1264 4606 1310 4667 ιθ.
1437 4602 1474 4677 b)
1492 4603 1762 4678 Melantias.
1890 4609 1921 4681 a)
1939 4607 2015 4668 Tac.

467 4684 543 4741 Anu.
558 4683 621 4742 ΧΗ.
630 4689 675 4750 26.
808 4687 841 4761 d)
860 4689 931 4750 Tac.
948 4689 1023 4745 Anu.
1033 4687 1099 4747 xtt.
1108 4701 1154 4754 57.
1293 4692 1325 4765 ι)
1343 4692 1414 4752 Tae.
1425 4695 1588 4754 Amxttt.
1600 4709 1643 4760 ιι.
1656 4693 1772 4756 ειΧΝ.
1782 4707 1811 4758 ²·
1825 4697 1884 4754 niu
1897 4697 2015 4755 Lm.

467 4774 490 4843 i.
503 4785 544 4832 tt.
564 4771 709 4832 Victoria
726 4775 826 4832 Caesa.
905 4780 932 4846 s)
952 4777 1022 4836 Tae.
1036 4777 1115 4838 ΧΙΙΙ.
1127 4792 1159 4840 tr
1173 4795 1235 4856 sep.
