4267 5500
449 560 497 651 96
1054 532 1404 637 AVGVS'TVS.

447 742 531 807 psus
549 724 695 795 euticus,
721 719 778 779 eoi
800 717 1014 797 inscriptum:
1043 712 1112 781 CIs.
1129 712 1190 790 V.,
1247 713 1284 775 iu
1308 712 1442 777 incertis
1472 712 1604 797 isnriliis
1628 714 1776 779 Morellii
1795 712 1860 792 tab.
1875 715 1936 790 ll..
1957 728 1992 779 et

421 848 424 855 ·
451 826 531 887 ltine
549 825 681 904 signum
703 819 866 893 militare,
891 818 988 879 illine
1011 817 1130 895 aquila
1146 816 1193 879 le·
1248 816 1283 878 in
1298 816 1457 899 catalogo
1470 816 1637 899 d’Ennery
1656 839 1691 902 p.
1708 818 1778 894 ros.

449 924 615 1011 glossario.
636 921 708 984 AR.
726 921 827 1001 (Mus.
844 918 952 1001 Caes.)
1347 959 1351 964 -
1392 918 1523 983 MARS.
1540 918 1705 984 VLTOR.
1735 921 1896 1003 (alcuin
1913 918 1992 981 eliis

513 1024 565 1087 De
587 1021 746 1089 similibus
763 1020 888 1104 clypeis
906 1038 1040 1105 agemus
1060 1015 1144 1081 inira
1160 1018 1195 1080 in
1392 1021 1594 1102 epigraphe.)
1610 1022 1719 1101 Caput
1727 1020 1905 1103 galeatum
1919 1020 1992 1081 dar-

451 1126 558 1189 nnmis
572 1125 662 1208 vagis
682 1123 831 1206 Augusti.
1390 1121 1515 1183 butum.

815 1220 835 1259 ¹*
1253 1218 1393 1283 SIGNA.
1411 1221 1449 1285 Ρ.
1466 1223 1507 1285 R.
1537 1221 1670 1312 Aquila
1698 1220 1889 1302 legionario
1910 1224 1996 1284 inter

442 1404 446 1413 Ι
594 1324 793 1391 CAESARI.
811 1264 1045 1416 AVGVSTO.
1089 1322 1198 1405 Caput
1252 1323 1336 1383 duo
1353 1325 1453 1403 signa
1481 1323 1666 1400 militaria,
1702 1324 1906 1385 intermedia
1937 1345 1996 1385 uro

501 1476 504 1483 .
592 1427 791 1489 laureatum.
1253 1422 1376 1504 ignito.
1398 1422 1472 1490 AV.
1493 1422 1564 1486 AR.

452 1530 485 1591 8.
495 1528 535 1593 P.
547 1524 589 1617 Q.
599 1527 641 1591 R.
662 1528 772 1605 Aqnil
772 1548 793 1587 ιι
807 1525 1049 1607 legionariam
1064 1522 1198 1602 quadri·
1391 1521 1642 1591 VOLRANVS.
1679 1519 1846 1593 VLTOR.
1893 1522 2001 1605 Caput

441 1634 506 1713 ¹gis
519 1627 788 1709 triumplialibus,
805 1645 848 1689 ee
857 1646 958 1688 curru
969 1644 1106 1705 superne
1118 1642 1198 1701 quo·
1392 1625 1484 1703 pileo
1501 1636 1638 1688 tectum.
2097 1670 2098 1681 ι

387 1790 389 1795 ,
451 1746 529 1794 tuor
540 1732 618 1811 equi
628 1731 803 1798 exsiliunt.
817 1728 890 1796 AV.
899 1725 967 1793 AR.
978 1723 1197 1813 (Muscam.)
1252 1725 1380 1787 Eodem
1400 1745 1530 1787 eversa.
1568 1722 1637 1787 AR.
1664 1725 1766 1807 (Mus.
1782 1722 1879 1789 Caes.
1894 1721 2003 1789 Pelle·

593 1831 719 1893 Eodem
737 1832 887 1896 adverso.
1251 1825 1305 1889 rin
1326 1825 1499 1889 Additions
1513 1845 1546 1907 p.
1561 1825 1609 1904 o.)

452 1930 533 1997 s;1>:
546 1928 639 2023 Q.R.
660 1924 828 2014 Templum
847 1930 1023 1991 rotundum
1037 1938 1059 2005 4
1074 1919 1196 1989 eotesn'·
1299 1928 1465 2011 ¹Vterque
1482 1946 1598 1987 numus
1613 1923 1678 1987 alio
1692 1943 1760 1986 non
1784 1922 1918 2001 differt,
1938 1924 2000 1987 nisi

454 2054 573 2095 nurum
580 2036 721 2111 ,in-quo
742 2032 837 2110 aquil
837 2051 857 2091 a
875 2030 1065 2113 legionario
1080 2026 1197 2089 currui
1255 2027 1344 2113 quod
1371 2027 1406 2089 in
1434 2027 1493 2088 illo
1522 2025 1564 2086 sit
1593 2037 1689 2109 ceput
1717 2026 1847 2103 Martis¹
1879 2026 1916 2087 in
1937 2026 2001 2092 hoc

454 2132 651 2215 triumphali
677 2134 852 2211 imposito,
888 2138 1024 2211 queml,
1055 2130 1132 2206 equi
1152 2145 1197 2188 ee:
1253 2128 1404 2209 Vulcani.
1430 2124 1661 2189 Pellerinius
1651 2147 1683 2186 tu
1707 2124 1774 2187 suis
1795 2124 2002 2193 adulterum

448 2254 580 2301 ,ιιιιιιιιιο
597 2231 810 2295 subsilientes
826 2242 1008 2295 exornent:
1029 2230 1102 2297 AV.
1125 2229 1196 2292 stt.
1253 2229 1340 2292 hunc
1375 2249 1509 2293 numum
1541 2225 1783 2291 commentariis
1819 2226 2002 2307 existimat,

454 2336 554 2415 (Mus.
571 2332 679 2411 Caes.)
1252 2331 1288 2395 in
1302 2329 1353 2393 his
1370 2330 1513 2393 denariis
1531 2320 1682 2392 exhiberi
1699 2341 1805 2392 castra
1818 2329 2002 2411 praetoria,

516 2436 577 2496 Est
593 2432 655 2495 hoc
671 2431 828 2515 templum
843 2432 956 2494 Martis
974 2429 1120 2507 Vltoris,
1142 2448 1196 2492 cu·
1253 2452 1377 2519 eosque
1411 2431 1543 2515 conjicit
1577 2432 1721 2513 signatos
1753 2440 1829 2512 post
1865 2449 2000 2495 eversas

450 2537 505 2618 jus
527 2535 629 2617 ipsam
653 2532 855 2618 epigraphen
879 2532 1004 2597 denarii
1020 2544 1196 2618 sequentes
1254 2532 1499 2617 Carthaginem,
1536 2545 1571 2595 et
1607 2529 1801 2593 Corinthum
1828 2531 1939 2593 Marte
1967 2544 2002 2593 et

456 2634 610 2698 offerunt.
895 2706 898 2714 Δ
1055 2712 1064 2725 1
1253 2633 1403 2701 Vulcano
1424 2633 1597 2697 ultoribus.
1640 2633 1677 2693 Si
1698 2630 1804 2707 enim,
1829 2630 2003 2716 prosequi-

599 2736 724 2800 Eadem
737 2737 886 2800 adverse.
1254 2750 1318 2801 tur.
1345 2736 1486 2821 Augusti
1519 2749 1630 2799 essent
1656 2744 1762 2800 aetate
1789 2730 1927 2816 signati,
1965 2746 2003 2796 ut

450 2836 676 2926 'MARVLR
700 2838 865 2922 Templum
882 2837 1061 2900 rotundum
1077 2853 1201 2901 reseco·v
1254 2837 1381 2901 censuit
1412 2840 1675 2921 Havercampus,
1717 2849 1930 2918 compareret
1966 2835 2002 2896 in

455 2944 655 3014 lamnarum,
674 2942 766 3000 intro
780 2940 869 3018 quod
880 2939 996 3017 aquilo
1011 2937 1199 3020 legionario
1254 2939 1295 3002 iis
1324 2953 1421 3023 caput
1448 2940 1604 3024 Augusti,
1634 2951 1690 3000 aut
1710 2938 1781 3019 ejus
1804 2935 2000 3021 epigraphe.

359 3083 360 3094 ι
449 3046 547 3112 ,inter
574 3041 639 3102 duo
666 3043 763 3124 signo
784 3041 961 3105 militarie.
1005 3039 1075 3102 stt.
1098 3038 1196 3122 (Mus.
1254 3043 1346 3105 Haec
1358 3041 1577 3118 Pellerinius,
1609 3039 1668 3103 sed
1683 3039 1738 3102 cni
1757 3037 1917 3100 adsentiri
1932 3039 2002 3101 nul

461 3143 572 3222 Caes.)
751 3175 755 3182 ·
1114 3127 1133 3219 ¹„
1255 3147 1290 3210 lc
1311 3156 1407 3228 pacto
1426 3163 1578 3227 possum3
1607 3161 1682 3203 nam
1707 3136 1913 3222 probandum
1937 3141 2004 3226 pri·

599 3241 782 3306 CAESAR.
812 3240 1058 3312 AVGVSTVS.
1092 3242 1199 3322 Caput
1256 3242 1432 3322 moleret,
1459 3246 1600 3305 Martem
1612 3243 1679 3324 jam
1695 3253 1799 3303 stante
1822 3262 1896 3325 rep.
1910 3243 2004 3305 Vlto-

465 3375 467 3382 ⁴
569 3342 736 3406 nudum.
1257 3349 1307 3410 ris
1327 3343 1460 3407 nomine
1481 3343 1583 3406 fuisse
1606 3341 1790 3427 cogditum,
1813 3341 1905 3426 quud
1924 3363 2005 3406 non·

459 3444 594 3506 MART
616 3443 717 3509 VLT.
757 3441 923 3525 Templum
944 3443 1071 3518 simile,
1108 3448 1200 3507 intra
1259 3445 1322 3507 nisi
1341 3457 1416 3529 post
1433 3444 1558 3507 bellum
1574 3443 1790 3528 Philippense
1803 3444 1952 3521 invaluit,
1968 3458 2006 3506 ut

457 3549 548 3628 quod
560 3545 799 3608 M.orsstonsd
814 3545 961 3623 aquilum
971 3533 1200 3626 legionarium,
1260 3568 1358 3630 supra
1385 3531 1534 3612 diximus.
1577 3545 1707 3607 Deinde
1738 3545 1793 3606 ltic
1823 3557 1920 3627 typus
1940 3558 2006 3608 tarn

454 3673 484 3720 s.
496 3649 871 3709 lestomtransversam.
895 3646 964 3710 AR.
979 3645 1080 3731 (Mus
1094 3647 1202 3728 Caes.)
1260 3660 1423 3711 remotum
1446 3648 1529 3732 reip.
1553 3650 1719 3711 Romanae
1743 3665 1880 3724 aerum,
1910 3648 2005 3732 quale

586 3745 731 3810 MARS.
755 3744 919 3810 VLTOR.
946 3748 1052 3829 Caput
1076 3751 1204 3810 Mortis
1260 3747 1323 3810 fuit
1344 3769 1479 3813 eversae
1508 3748 1677 3833 utriusque
1695 3747 1804 3823 urbis,
1825 3771 1895 3813 non
1913 3751 2003 3834 sapit.

596 3849 783 3928 galeatum.
1262 3849 1395 3914 Constat
1423 3849 1465 3912 de
1493 3863 1666 3934 typorum,
1696 3862 1730 3911 ct
1757 3849 2009 3936 inscriptionum
2097 3884 2098 3895 2

464 3949 646 4011 CAESAR.
691 3946 936 4015 AVGVS‘IVS.
983 3948 1092 4015 SIGN.
1130 3951 1211 4012 ΗΕ.
1262 3951 1357 4033 hujus
1384 3953 1496 4015 aetatis
1525 3949 1741 4036 simplicitate
1784 3952 1942 4037 Denique
1964 3976 2010 4017 sa·

462 4049 587 4112 CEPT.
615 4049 759 4110 Paretur
775 4052 972 4133 genuflexus
989 4057 1121 4134 signum
1145 4057 1204 4115 mi·
1261 4049 1302 4113 tis
1337 4066 1490 4131 constat,
1521 4052 1618 4117 etism
1648 4051 1875 4133 Augustorum
1903 4069 2011 4120 aetate
2097 4053 2098 4064 ²

461 4150 677 4235 thtoreoffert
705 4149 1201 4230 stt.(1ttoretti1ntammcert
1261 4151 1405 4238 signatos
1442 4174 1558 4218 numos
1593 4151 1716 4235 ubsque
1754 4174 1874 4217 eorum
1901 4159 2012 4244 capite

462 4253 542 4346 leb.
557 4254 597 4315 11.
615 4251 662 4314 lit.
678 4249 735 4332 O.)
1253 4267 1316 4322 ,aut
1342 4255 1571 4341 inscriptione,
1603 4254 1695 4337 cujus
1717 4255 1878 4341 deinceps
1900 4279 2013 4324 exem·

526 4353 586 4414 His
601 4349 758 4436 jungendi
781 4353 906 4416 denarii
930 4368 1125 4440 sequentes,
1148 4355 1203 4441 qui
1260 4357 1315 4438 plu
1341 4357 1435 4440 plura
1455 4357 1647 4423 videbimus.
1689 4357 1782 4442 Ergo
1804 4378 1881 4422 eum
1903 4361 2015 4426 videa·

463 4455 595 4539 quidem
616 4453 771 4544 Augusti,
801 4467 855 4517 aut
876 4452 1016 4520 familiae
1039 4459 1204 4522 Romanae
1260 4477 1349 4536 tuus,
1379 4459 1414 4520 in
1438 4482 1504 4525 nnc
1528 4461 1715 4548 eodemque
1737 4479 1840 4523 numo
1868 4482 1947 4527 esse
1962 4485 2013 4528 ca·

461 4577 581 4619 nomen
604 4573 670 4618 non
692 4555 824 4631 sistunt,
854 4557 913 4620 sed
935 4573 1026 4622 certe
1048 4559 1131 4623 hanc
1153 4579 1205 4624 ae·
1260 4573 1319 4642 put
1347 4562 1460 4625 Martis
1489 4564 1635 4641 Vltoris,
1664 4579 1700 4631 et
1727 4564 1839 4647 sigua.
1871 4577 1909 4628 et
1937 4585 2013 4630 con·

462 4671 577 4732 tatem,
608 4672 662 4720 aut
684 4657 798 4720 saltem
825 4656 912 4720 idem
944 4681 1017 4723 cum
1039 4661 1204 4744 prioribus
1261 4674 1342 4736 stet,
1374 4662 1444 4746 ejus
1473 4664 1529 4728 dei
1551 4668 1672 4730 honori
1693 4665 1862 4730 conditum
1883 4667 1927 4731 ab
1946 4671 2013 4730 Au·

463 4751 688 4842 argumentum
711 4760 911 4844 contingunt.
955 4758 1114 4846 Plerique
1132 4777 1206 4826 sunt
1261 4754 1356 4845 gusto
1382 4769 1561 4850 templum,
1596 4769 1693 4852 eique
1719 4767 1810 4850 signa
1835 4793 1854 4833 a
1881 4771 2014 4836 Parthis
