4267 5500
771 559 1104 638 M.BRVTV&
1670 591 1717 670 ¹9

148 729 243 800 mio
270 727 408 822 metullo
440 725 604 806 edocere,
633 726 776 793 liberum
802 729 907 796 onir-is
964 733 1063 812 tinet,
1087 754 1152 820 qno
1175 733 1250 800 looo
1273 753 1331 800 eos
1352 731 1556 817 desotibdm,
1578 757 1716 805 monere

150 833 357 920 relinquens,
378 832 469 917 qnod
488 830 623 918 singulis
639 827 797 916 pretium,
819 833 908 920 quod
965 858 1031 899 non
1060 837 1244 922 negligam,
1274 837 1302 902 si
1324 836 1379 924 qui
1402 837 1522 903 eximia
1542 854 1617 905 sont
1637 843 1718 906 roti-

150 938 353 1024 plernmqne
375 957 393 998 s
417 933 549 999 fortune
567 932 707 1020 pendet,
734 934 815 997 velit
832 956 909 1000 eon·
966 952 1052 1018 tete,
1081 952 1115 1003 et
1136 952 1214 1028 typo
1236 938 1388 1021 erudito,
1414 961 1523 1030 neque
1544 941 1642 1012 focile
1664 944 1721 1010 ob·

151 1041 304 1108 stituere.
344 1036 446 1135 Quod
476 1037 520 1101 sd·
547 1037 694 1124 singulos
719 1058 836 1101 numos
864 1052 910 1103 nt-
966 1039 1032 1107 vio.

355 1175 464 1240 Aurei
484 1175 555 1241 sine
576 1175 682 1260 cupite
704 1177 731 1244 1.
750 1175 899 1241 Caesaris
956 1212 973 1228 ·
1053 1212 1071 1230 ·
1116 1213 1166 1270 N·
1246 1213 1263 1228 ·
1343 1213 1357 1232 ·
1412 1172 1480 1250 ‘C.

443 1299 519 1342 oum
541 1278 612 1364 ejus
635 1278 741 1363 cupite
1245 1283 1248 1289 ’
1442 1283 1515 1353 tut.
1609 1288 1611 1292 ’

356 1380 519 1466 Argentei
540 1381 610 1445 sine
632 1380 704 1466 ejus
726 1379 832 1466 cupite
859 1413 1361 1434 ······
1444 1385 1483 1450 C.

443 1504 518 1548 oum
540 1483 611 1567 ejus
632 1483 739 1566 eapite
857 1519 872 1536 ·
954 1518 969 1535 ·
1052 1519 1067 1536 -
1150 1517 1165 1532 ·
1231 1517 1263 1534 ··
1346 1518 1361 1536 ·
1443 1486 1485 1550 R.

357 1585 508 1653 Aeneil.
530 1599 564 1652 et
580 1589 620 1651 11.
636 1584 784 1666 formae,
804 1584 839 1648 in
858 1585 975 1672 quibus
992 1585 1071 1650 hine
1089 1599 1187 1671 capnt
1203 1588 1230 1653 Ι.
1246 1587 1362 1654 Caesu-

441 1688 505 1768 ris,
523 1687 614 1752 illino
630 1689 791 1774 Augusti,
807 1687 961 1755 videntur
984 1709 1056 1754 esse
1076 1689 1244 1754 commatis
1260 1711 1356 1774 pere·

441 1790 544 1874 grini,
567 1805 706 1875 suntque
763 1824 1360 1844 ·······
1443 1791 1482 1858 C.

356 1893 465 1957 Aenei
485 1895 542 1958 111.
565 1892 707 1970 formae,
730 1905 764 1957 et
785 1891 944 1957 maximae

214 1997 268 2061 lle
292 1996 403 2060 nnmis
424 1995 577 2073 Graecis,
601 2009 635 2060 et
655 1994 858 2060 coloniarum
881 2007 989 2059 sctum
1009 2015 1122 2082 ruprn.

354 2225 411 2290 M.
438 2221 636 2290 trum
665 2223 895 2289 BRVTVS
922 2222 1047 2289 nur.
1071 2223 1135 2303 qut
1156 2234 1191 2286 et
1222 2224 1263 2309 p.
1295 2223 1523 2290 oAErso.

215 2397 255 2456 ln
282 2391 417 2458 funesto
445 2391 530 2478 reip.
552 2388 702 2454 dissensu
730 2391 789 2456 Cn.
812 2391 910 2455 Pom·
966 2389 1019 2458 vir
1039 2388 1142 2468 vitae,
1172 2389 1338 2476 nullisque
1362 2406 1418 2456 rut
1442 2393 1637 2479 voluptatis,
1665 2405 1720 2456 ent

152 2496 224 2581 peji
250 2499 300 2561 Π.
325 2508 438 2582 partes
461 2506 609 2572 secutus,
635 2492 725 2578 qnod
747 2493 908 2557 libertatis
967 2493 1121 2558 avaritiae
1148 2495 1347 2578 corruptelis
1371 2494 1521 2579 pervius,
1552 2516 1718 2581 quemque

152 2599 214 2662 ille
238 2619 371 2663 mutem
393 2596 601 2676 obtundent,
623 2609 699 2681 post
720 2583 853 2661 sladen
867 2595 913 2660 ιὰ
966 2616 1067 2658 unum
1080 2595 1243 2673 uirtutis,
1273 2609 1307 2660 et
1333 2597 1465 2661 honesti
1491 2597 1650 2662 musard
1670 2599 1720 2660 in·

153 2703 352 2767 Pharsalum
380 2723 448 2766 non
475 2697 574 2765 modo
599 2698 697 2765 venir
722 2721 741 2765 o
767 2700 907 2764 Caesare
967 2695 1194 2762 terlioiendnm
1211 2697 1387 2764 Caesarem
1401 2699 1605 2786 compulsum
1630 2719 1721 2766 oom-

153 2805 315 2881 domttns,
349 2803 411 2869 sed
440 2801 645 2887 amplissimis
675 2802 774 2867 etiem
804 2802 909 2864 hono·
966 2800 1073 2864 munis
1094 2800 1223 2867 ferebat
1245 2802 1374 2887 opinio,
1403 2824 1479 2867 cum
1505 2804 1626 2868 ceteris
1650 2823 1719 2868 om-

154 2907 248 2971 ribus
277 2906 427 2972 adiectus
457 2905 545 2969 i‘rtnd'
570 2904 667 2969 tentis
688 2904 759 2988 ejus
780 2902 908 2967 meritis
965 2903 1060 2968 nibus
1090 2903 1154 2969 ulia
1180 2904 1320 2969 subsunt
1343 2907 1522 2990 proposita.
1558 2907 1604 2969 dt
1630 2904 1719 2969 enim

154 3008 324 3095 rependit,
338 3022 376 3072 nt
389 3009 460 3092 ejus
476 3002 651 3073 occidendi
664 3007 818 3091 princeps
833 3025 908 3069 cum
965 3007 1104 3069 multum
1122 3027 1141 3069 e
1156 3026 1234 3071 veru
1249 3005 1346 3070 leude
1369 3005 1526 3085 detraxit,
1546 3028 1616 3073 non
1636 3020 1717 3086 tum,

155 3114 194 3177 C.
220 3112 341 3175 cassio
367 3124 482 3175 sueton
508 3123 606 3175 esset.
651 3110 759 3195 Atque
787 3108 907 3171 lsornm
966 3108 1055 3196 qnod
1079 3107 1214 3173 deerete
1234 3109 1381 3171 Caesaris
1402 3129 1486 3173 nece
1508 3109 1583 3195 pins
1603 3109 1638 3172 in
1658 3131 1714 3195 pa·

155 3212 348 3277 recordatio
371 3212 610 3277 beneficiorum
634 3211 669 3273 in
695 3210 769 3296 ipso
797 3210 906 3275 credis
964 3214 1060 3275 triam
1089 3230 1162 3276 esse
1189 3231 1257 3274 non
1286 3224 1435 3293 poterut,
1468 3212 1546 3297 quin
1577 3230 1651 3276 sese
1682 3212 1718 3275 in

155 3316 300 3381 tumultu
328 3334 482 3400 mgnum
510 3311 651 3379 advertit
672 3312 820 3395 Caesaris
841 3310 909 3376 eni·
964 3327 1137 3401 parentem
1156 3311 1294 3377 alterurn
1314 3313 1545 3400 comprobaret
1561 3313 1715 3400 impium,

155 3442 267 3496 mem,
290 3418 341 3483 sie
358 3430 397 3481 nt
411 3418 515 3481 Bruto
532 3417 567 3479 in
583 3434 816 3501 percussorum
840 3427 909 3477 tur·
966 3437 1061 3502 quum
1099 3415 1187 3502 quod
1227 3414 1397 3481 obversari
1436 3417 1545 3481 snimo
1581 3415 1712 3494 debuit,

153 3523 198 3586 bn
218 3532 402 3605 eonspeoto
422 3520 457 3583 in
478 3519 561 3586 hsee
587 3518 689 3586 verbe
716 3537 910 3603 prorumpe·
965 3517 1116 3584 inutilem
1138 3538 1209 3583 eam
1231 3517 1323 3598 sore,
1343 3518 1626 3608 inconsultnmqne
1647 3520 1718 3605 pie·

154 3636 228 3689 ret:
253 3626 459 3689 curretiam
480 3622 724 3698 interseras,
741 3618 826 3705 fili?
848 3622 909 3683 Pe·
964 3633 1083 3697 tatem,
1116 3618 1228 3685 multis
1259 3642 1322 3705 pro
1351 3643 1420 3685 nno
1450 3621 1487 3684 in
1517 3641 1557 3687 en
1587 3641 1717 3686 morum

154 3740 245 3791 trsto
270 3722 450 3813 parisios
473 3722 508 3787 in
531 3721 732 3808 provinciam
754 3720 908 3785 Macedo-
965 3722 1154 3809 corruptele
1180 3722 1299 3808 peratis
1325 3722 1535 3802 Caesaribus,
1564 3737 1599 3788 et
1626 3716 1715 3810 quod

155 3830 246 3894 nium
270 3827 458 3913 profertur,
482 3846 558 3891 oum
579 3824 660 3909 lege
675 3822 777 3888 Pedia
798 3824 909 3907 eonju-
966 3823 1239 3903 eventns‘doenit,
1254 3824 1357 3889 multo
1372 3825 1546 3911 superbius
1560 3824 1716 3890 atrocius·

156 3930 296 4019 ationis
326 3928 424 3995 sociis
451 3926 578 3991 bollum
603 3926 762 3991 indictum
788 3926 909 3991 intelli·
966 3948 1030 4015 qno
1051 3926 1190 3994 victorie
1210 3927 1328 3991 usuris.
1360 3927 1485 3993 Confer
1505 3926 1634 4013 insigne
1654 3928 1716 4018 ⁴Se·

158 4046 274 4119 μοι,
301 4050 370 4097 non
397 4031 462 4112 ium
488 4030 571 4115 reip.
593 4028 715 4105 solum,
742 4028 803 4093 sed
830 4049 907 4094 suae
965 4049 1068 4095 neone
1086 4027 1152 4093 hoe
1171 4048 1271 4115 super
1289 4045 1484 4116 argumento
1501 4030 1657 4116 judicium
1674 4032 1714 4112 ¹).

159 4135 261 4200 etium
281 4133 398 4199 salutis
415 4154 511 4198 eausa
531 4130 572 4196 ed
593 4132 659 4196 rim
680 4130 908 4217 repellendum
965 4132 1010 4196 At
1023 4130 1113 4196 idem
1131 4145 1299 4197 oeternum
1317 4131 1402 4200 vitre
1421 4154 1498 4197 suae
1515 4134 1631 4197 inussit
1650 4154 1715 4196 mn·

158 4258 359 4315 convertus,
391 4254 509 4315 terum
535 4232 577 4300 sd
601 4234 772 4319 Philippos
799 4236 909 4298 Mace·
966 4234 1091 4313 onlnnr,
1114 4236 1242 4319 quondo
1266 4251 1429 4322 concepto
1450 4237 1539 4300 vitre
1561 4234 1715 4318 objicien-

159 4338 279 4405 doniue
307 4337 349 4403 sb
376 4336 523 4402 Antonio
544 4348 579 4401 et
600 4334 781 4402 Octaviano
803 4337 907 4405 vietus
966 4336 1028 4401 dae
1049 4336 1218 4423 proposito
1236 4336 1319 4403 illud
1335 4338 1491 4405 Herculis
1512 4340 1621 4423 polum
1640 4359 1715 4423 pro·

159 4454 302 4506 mortem
320 4438 384 4506 sibi
398 4440 473 4525 ipse
491 4436 649 4505 consolvit
669 4460 788 4503 annum
807 4460 909 4523 agens
966 4438 1074 4504 sessus
1095 4452 1147 4506 est
1161 4434 1212 4524 b)t

159 4544 354 4629 septimum,
377 4554 412 4605 et
431 4540 652 4619 tricesimum,
675 4540 909 4626 integerrimae

196 4730 228 4803 s)
246 4732 290 4790 Dr
303 4728 433 4791 neustr.
448 4728 482 4786 L.
493 4728 529 4789 11.
547 4741 626 4791 oto·
698 4726 734 4801 b)
754 4728 810 4788 Dio
823 4730 855 4787 L.
872 4728 989 4791 XLVII.
1003 4750 1029 4790 c.
1044 4739 1089 4805 49.
