4267 5500
679 599 1164 688 Pttaurarro.
1633 609 1709 670 xxi
1797 697 1805 706 .

101 767 341 876 ¹conlusio,
367 769 418 857 in
444 802 525 888 qua
548 775 782 864 discernere
800 807 948 864 verum
971 782 1127 889 asalso,
1149 795 1313 868 certum
1337 785 1390 866 alr
1409 783 1579 898 incerto,
1600 790 1702 878 utile

130 940 153 996 a
171 907 408 1024 damnoso,
434 914 516 1002 nisi
532 915 663 1000 multo
684 915 867 1003 adhibito
888 917 1037 1018 labore,¹
1052 949 1137 1024 non
1153 919 1305 1033 possis,
1326 936 1375 1008 ut
1399 923 1503 1029 adeo
1519 928 1701 1025 ¹unicum

134 1052 402 1166 praegrandis
428 1052 563 1168 operis
587 1054 782 1140 meritum
805 1056 887 1140 sint
910 1053 1111 1169 imagines
1139 1087 1385 1168 ntimorum,
1420 1090 1524 1172 quos
1546 1063 1699 1174 Motel-

136 1192 211 1276 lius
234 1190 328 1304 ipse
351 1190 478 1299 vidit,
512 1220 662 1306 magna
686 1206 729 1277 et
753 1219 874 1300 cura,
912 1206 954 1278 et
974 1193 1151 1279 veritate
1171 1222 1246 1306 pro
1275 1196 1362 1308 ejus
1384 1197 1464 1283 viri
1487 1226 1604 1288 more
1628 1202 1699 1286 de·

135 1330 328 1438 lineatae,
348 1357 589 1444 quanquam
609 1344 652 1417 et
667 1330 712 1428 in
727 1331 792 1415 his
809 1330 1003 1416 cautione
1025 1360 1130 1443 opus
1149 1332 1219 1438 sit,
1238 1361 1335 1416 nam
1355 1333 1576 1447 deperditis
1599 1367 1699 1423 casu
1798 1407 1801 1411 .

137 1467 287 1552 tabulis
308 1468 585 1602 Morellianis,
618 1495 726 1582 quae
752 1468 966 1554 continent
991 1495 1141 1554 numos
1167 1468 1257 1554 Titi
1285 1497 1435 1555 aureos
1459 1473 1696 1586 argenteos·

137 1633 239 1720 qne,
265 1607 470 1719 jacturam
497 1607 703 1719 supplevit
724 1606 894 1714 Gorius,
925 1633 1007 1720 qua
1024 1607 1215 1724 fortuna,
1243 1609 1506 1694 monebimus
1534 1612 1578 1695 in
1606 1613 1695 1728 ejus

135 1744 310 1858 Augusti
334 1757 512 1855 moneta,

220 1885 359 1995 Atque
375 1881 454 1967 isto
474 1879 643 1996 quidem
664 1873 788 1969 modo
814 1877 1015 1970 hactenus
1037 1905 1136 1968 cum
1161 1878 1414 1968 nobilissima
1442 1883 1523 1968 hac
1549 1917 1692 1973 mone·

134 2033 201 2103 tae
221 2019 376 2136 veteris
394 2018 524 2104 classe
541 2033 682 2105 acttun
697 2021 843 2142 fuisse,
862 2027 985 2120 nemo
1007 2034 1090 2128 est,
1109 2017 1182 2133 qui
1198 2020 1380 2134 ignoret,
1398 2018 1452 2103 ad
1472 2050 1598 2135 quam
1617 2055 1694 2138 ego

132 2155 424 2269 explicandam
446 2185 544 2243 cum
567 2157 832 2270 accederem,
860 2157 981 2244 facile
1005 2156 1212 2265 intellexi,
1241 2169 1290 2241 ut
1310 2155 1437 2264 labor
1459 2161 1571 2244 utilis
1601 2190 1696 2247 eva·
1793 2199 1798 2210 ·

132 2295 274 2402 deret,
301 2295 405 2380 haec
425 2295 684 2411 potissimum
711 2327 801 2382 esse
826 2297 1071 2412 spectanda,
1100 2296 1190 2412 ejus
1209 2271 1455 2407 puritatem,
1484 2297 1693 2404 ordinem,

130 2446 173 2517 et
195 2434 542 2538 commentarios,
581 2435 633 2518 de
654 2436 808 2548 quibus
832 2436 1024 2521 omnibus
1049 2431 1279 2548 generatim
1304 2463 1329 2518 a
1350 2459 1420 2526 me
1443 2447 1585 2521 actum
1607 2435 1694 2552 jam

129 2583 193 2655 est
211 2571 427 2656 volumine
442 2572 469 2656 l.
491 2572 535 2654 in
554 2572 808 2685 praelatione
824 2572 1139 2688 aduniversum
1155 2570 1237 2684 hoc
1254 2599 1381 2687 opus,
1404 2571 1555 2686 quibus
1579 2574 1691 2687 quod

129 2707 308 2819 addam,
346 2709 420 2797 vix
446 2708 592 2797 habeo
635 2714 703 2813 ¹rl'c
738 2711 962 2825 puritatem
1002 2705 1172 2826 quidem
1211 2735 1436 2798 numornm
1476 2705 1692 2799 constiutit

129 2848 326 2955 scientia,
344 2860 418 2935 aut
433 2846 612 2961 prudens
631 2847 855 2959 judicium,
875 2850 957 2965 qui¹
968 2849 1086 2937 numi
1105 2850 1282 2961 putandi
1298 2848 1487 2965 genuini,
1506 2850 1579 2963 qui
1595 2879 1692 2963 spu-

131 2984 202 3093 rii,
232 3014 311 3106 seu
325 2998 446 3099 vetars
465 3015 536 3071 eos
553 2987 687 3096 frans,
719 3016 793 3072 seu
817 2987 1015 3074 moderna
1037 2988 1268 3099 parturivit.
1296 2986 1511 3094 Diximus,
1534 2974 1691 3099 quanta

130 3122 174 3207 in
190 3122 272 3207 hac
296 3124 518 3238 praecipue
540 3138 733 3211 monetae
750 3128 902 3212 veteris
926 3128 1056 3214 classe
1075 3122 1225 3240 mercis
1244 3122 1442 3210 alterutro
1462 3122 1543 3212 hoc
1563 3124 1695 3211 modo

130 3259 388 3346 adulteratae
416 3262 469 3347 sit
498 3260 676 3370 eluvies,
711 3290 818 3376 quae
840 3256 1014 3373 proinde
1037 3260 1117 3347 nisi
1143 3242 1375 3369 resecetur,
1406 3274 1479 3344 aut
1502 3258 1689 3374 adposito

128 3400 246 3513 signo
268 3397 567 3513 distinguatur,
597 3397 710 3513 quod
732 3393 954 3513 praecipue
976 3401 1030 3483 ob
1055 3427 1202 3484 causas
1224 3396 1409 3511 cognitas
1428 3398 1474 3482 in
1493 3397 1688 3481 subaera-

124 3538 175 3621 tis
196 3535 475 3622 omittendum
493 3550 682 3646 nonest,
717 3517 801 3621 nori
828 3534 954 3622 modo
982 3536 1128 3621 inutile
1156 3548 1220 3621 est
1244 3563 1468 3619 numorum
1498 3548 1689 3628 veterum

124 3676 315 3760 studium
333 3673 387 3758 ad
405 3673 642 3784 historiam,
661 3689 708 3759 et
725 3674 1036 3789 chronologiam
1058 3679 1358 3788 Augustorum,
1382 3674 1454 3756 sed
1474 3670 1596 3783 plane
1613 3702 1685 3783 pe-

122 3800 324 3897 stiferuni
356 3820 544 3925 Quorum
570 3840 692 3925 opera
715 3806 797 3895 hoc
819 3796 1010 3927 contagio
1028 3810 1204 3919 infecta,
1236 3824 1278 3896 et
1301 3824 1374 3895 aut
1392 3806 1582 3912 vitanda,
1611 3822 1684 3893 ant

124 3962 250 4035 caute
280 3946 535 4034 consulenda
560 3949 663 4059 sint,
697 3950 818 4037 altius
838 3950 1129 4069 indicavimus.
1178 3947 1224 4030 ln
1252 3961 1468 4064 praesente
1493 3944 1681 4031 instituto

122 4104 281 4174 munos¹
297 4086 424 4202 hujus
449 4101 623 4172 naturae
647 4070 1092 4201 omnes'negligendos,
1110 4083 1233 4191 drusi,
1263 4078 1342 4167 nisi
1363 4113 1462 4167 cum
1482 4113 1553 4169 eos
1578 4082 1684 4167 reci-

122 4226 242 4311 tandi
257 4240 372 4312 certa
393 4222 525 4311 adfuit
547 4254 695 4334 causa,
718 4225 957 4340 placuitque
977 4223 1110 4331 istud,
1130 4252 1216 4306 non
1234 4219 1358 4306 modo
1380 4234 1428 4305 ut
1447 4205 1681 4306 consuleress

125 4380 198 4449 tur
220 4362 418 4451 lirevitati
442 4363 598 4478 operis,
625 4347 773 4449 verum
800 4362 948 4470 etiarn,
974 4349 1265 4474 utaliquando
1288 4356 1369 4444 hae
1393 4360 1490 4443 artis
1517 4371 1682 4441 nostrae

126 4502 319 4588 vomicae
337 4502 561 4616 elegantias
581 4517 741 4588 nostras
758 4500 976 4615 inquinare
993 4498 1190 4583 desinant.
1219 4490 1388 4581 lnterim
1407 4496 1570 4579 noverit
1587 4504 1682 4579 eru-

128 4638 238 4727 ditus
255 4642 408 4752 lector,
433 4643 469 4728 si
488 4640 809 4757 quem'numum
825 4637 1011 4748 rarioris,
1036 4634 1364 4756 insolentiorisve
1384 4631 1618 4747 argumenti
1635 4630 1679 4716 in

129 4776 191 4865 his
211 4779 317 4867 meis
335 4778 642 4869 commentariis
664 4775 888 4865 desiderari
906 4775 1128 4891 intelliget,
1145 4774 1230 4888 jam
1247 4773 1317 4857 vel
1331 4769 1426 4856 ideo
1447 4799 1472 4854 a
1493 4801 1562 4857 me
1580 4798 1679 4855 con-
