4267 5500
449 577 525 661 eu
1060 520 1394 647 ramnnvs'.

449 748 530 808 sito.
547 739 577 801 2
598 742 725 824 Tripus.
751 738 936 845 Vtrumtpae
957 738 1044 804 istud
1065 738 1197 805 attribu·
1252 740 1398 807 eeaeario
1423 740 1628 826 ignoramus,
1660 741 1725 809 uiai
1746 764 1826 808 cum
1851 742 1921 829 typi
1944 758 1994 805 aut

449 857 519 908 tum
536 857 589 908 eat
603 843 833 927 Apollineum,
847 863 913 928 quo
930 842 1028 906 modo
1043 844 1197 907 attributa
1254 858 1397 921 certum,
1418 858 1476 908 aut
1500 846 1615 908 saltem
1637 844 1817 910 verisimile
1843 845 1994 908 indicium

446 947 537 1009 numi
563 944 792 1031 praecedentia
819 958 895 1007 aunt
918 945 1087 1011 Mercurii.
1119 945 1197 1011 Fuit
1253 944 1471 1029 suppeditant.
1516 948 1648 1030 Operae
1683 946 1848 1031 pretium,
1890 960 1994 1009 certon

444 1048 591 1132 gryphus
614 1048 749 1111 Nemeai
777 1045 911 1131 quidem
939 1068 1051 1127 cacer,
1085 1062 1120 1113 et
1149 1048 1195 1112 ric
1253 1046 1293 1109 ab
1314 1046 1449 1111 incertia
1471 1066 1667 1123 secernere.
1694 1062 1796 1133 atquo
1820 1046 1911 1110 iatnd
1937 1049 1994 1111 hoc

445 1148 543 1213 etiam
570 1148 709 1233 perinde
733 1170 808 1213 cum
829 1161 903 1212 rota
927 1150 1004 1214 huic
1030 1149 1112 1215 dean
1142 1151 1196 1214 ad·
1250 1148 1328 1211 loco
1345 1170 1362 1211 a
1380 1168 1433 1211 me
1450 1150 1525 1212 lieri
1542 1149 1583 1213 ad
1598 1169 1709 1211 meum
1727 1150 1912 1213 inauratum
1935 1152 1994 1233 pla·

445 1250 606 1329 atitnitur,
635 1270 672 1321 nt
691 1254 831 1318 diximna
853 1254 893 1337 in
911 1252 1020 1314 nume
1036 1252 1194 1335 Smyrnae
1252 1270 1294 1313 ne
1318 1250 1462 1333 pertinet
1487 1264 1683 1335 propterea,
1713 1249 1806 1333 qnia,
1834 1250 1926 1336 quod
1948 1272 1995 1333 pa·

446 1353 567 1437 ioniae.
609 1353 654 1419 At
685 1358 780 1420 illum
812 1354 936 1439 Apollo
969 1372 1100 1438 quoque
1132 1353 1195 1415 cibi
1251 1350 1333 1415 trine
1351 1352 1517 1415 mentione
1534 1350 1715 1433 abstinent,
1730 1352 1841 1415 locum
1863 1364 1994 1424 certum,

446 1453 604 1533 vindicat,
624 1470 662 1520 nt
677 1458 714 1520 in
728 1458 795 1523 ltoc
813 1476 912 1519 numo
928 1467 1021 1517 carte
1039 1452 1080 1517 ad
1095 1454 1196 1537 Apol·
1252 1451 1379 1537 cibique
1401 1452 1548 1519 debitum
1568 1452 1602 1514 in
1621 1465 1714 1537 parte
1732 1455 1758 1517 1.
1773 1452 1870 1535 hujus
1891 1453 1995 1535 operia

442 1553 545 1618 linem
561 1556 708 1621 refertur
722 1573 859 1647 propter
869 1556 1038 1641 tripodem
1052 1554 1088 1617 in
1098 1574 1195 1621 arer-
1250 1555 1374 1618 habere
1401 1578 1469 1621 non
1492 1568 1655 1641 poterant.
1695 1556 1747 1616 En
1784 1566 1994 1636 utrorumque

444 1678 480 1719 aa
504 1657 656 1740 positum.
688 1660 856 1744 Significat
877 1658 982 1743 igitur
1003 1669 1090 1732 rota,
1121 1678 1195 1741 gry-
1251 1657 1451 1743 catalogum

443 1756 528 1839 piton
542 1758 672 1841 junctos
685 1760 789 1826 inrisae
805 1750 990 1844 Appollinia
1005 1759 1133 1835 currui,
1158 1770 1196 1821 ut

445 1857 569 1922 diserte
587 1857 896 1927 docet'Claudianna
911 1863 958 1944 ⁸),
975 1874 1009 1925 et
1022 1860 1115 1925 numi
1128 1860 1195 1923 Au·
1250 1818 1536 1903 hmiim'il'iii
1551 1814 1765 1879 ΔΗΜΑΡΧ·
1773 1814 1842 1881 Es.
1852 1812 1993 1881 ΤΠΑΤ·

442 1959 614 2047 ηιῑοροῃ,
629 1964 764 2049 Lydiae·
1186 1937 1191 1945 ·
1272 1940 1411 2013 quorum
1427 1922 1542 2002 putria
1560 1930 1669 1995 ceto,
1691 1929 1754 1980 out
1772 1922 1974 1990 verisimilis.

1371 2056 1576 2141 Epigropde,
1599 2066 1633 2117 et
1651 2067 1752 2136 caput
1776 2056 1922 2136 Traiani.

566 2146 674 2217 Numi
693 2151 870 2214 commotis
885 2150 1067 2233 peregrini·
1134 2201 1138 2210 -
1236 2154 1464 2239 numm.
1483 2152 1550 2221 ΕΞ.
1569 2190 1611 2205 -·
1626 2150 1806 2217 mar:-
1827 2156 1929 2240 dypa':

486 2266 647 2351 Copioaoe
676 2269 832 2333 habemus
861 2268 958 2351 hujus
989 2268 1101 2332 clareia
1131 2288 1189 2331 nu⁴
1256 2244 1262 2255 '
1288 2262 1399 2341 (imi
1416 2258 1788 2341 H⁶r0u358‚lwssfllum·
1811 2259 1883 2323 AB·
1904 2260 1928 2320 ¹·

442 2386 515 2429 moa
538 2368 574 2429 iu
594 2369 729 2433 urbibua
748 2370 885 2435 Graecia
908 2370 1061 2453 signatos.
1092 2365 1190 2429 Multi
1289 2360 1421 2441 Aoede
1437 2359 1557 2421 claves
1579 2360 1754 2435 insistens,
1777 2360 1882 2438 juata
1909 2364 1992 2421 tauri

444 2466 541 2529 etiam
565 2483 692 2533 enatant
714 2492 757 2537 ex
777 2483 915 2554 argento
938 2490 1042 2552 puro,
1066 2481 1101 2529 et
1122 2488 1189 2529 ana·
1246 2484 1370 2528 ramus.
1393 2462 1465 2523 AR.
1482 2462 1509 2526 l.

442 2566 548 2631 rimae
574 2568 674 2631 etiam
696 2570 790 2632 multi
813 2570 958 2646 formae,
989 2582 1043 2631 ut:
1080 2566 1187 2633 COM.
1291 2566 1418 2627 Mulier
1427 2562 1540 2651 velato
1548 2562 1716 2624 occurrito
1724 2564 1801 2643 rupi
1808 2564 1989 2626 insidensd.

442 2668 525 2732 Ast.
546 2666 657 2734 ROM.
677 2670 748 2735 ΕΤ.
768 2668 867 2738 AVG.
892 2668 1010 2756 signati
1033 2668 1188 2753 Pergami
1244 2664 1987 2752 spicas,propedibusfluviusemergens.Alli.

441 2771 576 2853 Mysiae.
603 2804 647 2820 -
674 2772 792 2835 DlAN.
812 2773 942 2837 PERG.
968 2771 1086 2856 signati
1109 2773 1189 2834 Per·
1289 2767 1371 2830 Sunt
1395 2765 1431 2828 hi
1450 2765 1541 2827 numi
1567 2763 1777 2828 hauddubie
1803 2765 1988 2838 Antiochiae

442 2891 504 2955 gae
516 2873 739 2960 Pamphyliae.
757 2907 800 2922 -
817 2873 912 2939 008.
930 2877 971 2940 11.
993 2872 1188 2936 Fasciculus
1247 2870 1378 2952 Syriae,
1406 2867 1440 2929 in
1464 2866 1556 2950 cujus
1583 2886 1641 2932 eoa
1664 2879 1796 2931 moneta
1817 2868 1917 2951 plene
1940 2869 1990 2932 de·

441 2991 503 3035 sex
528 2979 714 3056 spicarum,
750 2973 840 3038 urbia
863 2995 932 3038 uon
957 2974 1032 3036 catis
1061 2985 1185 3039 nortae.
1247 2971 1404 3056 scriptos,
1427 2983 1462 3033 et
1479 2969 1656 3053 explicator
1673 2969 1835 3056 reperies.
1863 3013 1869 3020 -

441 3072 597 3156 Vulgavit
626 3097 744 3143 numos
774 3076 900 3140 similes
927 3074 1120 3144 Vaillantius
1154 3073 1188 3136 in
1366 3066 1570 3138 ΑΤΤΟΚΡ.
1584 3071 1705 3135 KAIC.
1720 3067 1989 3134 NERTPAIA·

439 3176 549 3237 numia
564 3178 631 3240 auia
646 3177 949 3262 praeatantioribua.
972 3175 1058 3245 Vide
1077 3175 1185 3254 etiam,
1365 3169 1470 3239 NOC.
1486 3168 1579 3236 CGB.
1595 3167 1738 3240 rePM.
1755 3169 1863 3238 ΔΑΚ.
1888 3175 1987 3256 Caput
2093 3217 2094 3220 η

441 3295 524 3356 quae
548 3275 590 3341 de
610 3278 661 3341 hia
682 3281 718 3341 in
738 3277 845 3342 numia
865 3281 994 3346 Nervae
1018 3268 1186 3342 ¹commatis
1366 3275 1566 3340 laureatum.

440 3374 611 3460 peregrini
627 3379 778 3445 diximus.
1246 3369 1718 3450 dimanant-:istruna
1734 3378 1849 3440 Diona
1856 3379 1986 3459 Pergen-

483 3470 743 3544 ΔΙΚΤΤΝΝΑ.
762 3475 979 3544 ΚΡΗΤΩΝ.
1006 3480 1060 3542 Do
1079 3479 1186 3543 numia
1243 3479 1291 3540 sis
1303 3481 1341 3539 in
1355 3478 1475 3561 templo
1489 3476 1627 3560 distp‘lo.
1643 3473 1984 3552 AR.ll.(llua.Caea.)

438 3577 490 3640 hia
517 3584 683 3662 argenteio
711 3583 766 3669 egi
790 3582 827 3652 in
852 3594 983 3647 moneta
1003 3583 1123 3645 Cretae
1152 3582 1186 3644 in
1285 3581 1347 3642 Eat
1369 3581 1497 3664 Pergae
1521 3578 1743 3662 Pamphyliae.
1775 3579 1845 3642 Sub
1867 3581 1984 3653 Nerva,

441 3699 577 3764 genere.
1120 3707 1123 3712 ·
1245 3694 1280 3744 et
1294 3681 1405 3764 paullo
1422 3681 1595 3764 anpraaub
1612 3681 1754 3764 Traiano
1770 3681 1917 3746 dedimus
1931 3701 1986 3741 nn·
2057 3762 2062 3772 ¹

483 3779 552 3843 Sed
577 3793 610 3844 et
634 3779 669 3842 in
697 3795 829 3846 moneta
851 3785 982 3869 Trajani
1010 3784 1187 3871 peregrina
1246 3802 1317 3845 moa
1332 3802 1406 3846 cum
1424 3783 1620 3868 epigraphen
1634 3783 1784 3847 DIANA.
1798 3781 1986 3846 PERGEN-

439 3879 576 3964 inaiguis
591 3895 643 3946 eat
655 3903 812 3948 numerus
825 3907 999 3951 nnmorum
1013 3900 1187 3973 argenteo·
1245 3883 1327 3964 sls,
1348 3899 1384 3950 et
1400 3883 1498 3948 simili
1515 3899 1603 3970 typo.

438 4003 513 4046 rum
538 3985 565 4049 1.
588 3996 622 4047 et
644 3985 700 4047 111.
727 3985 871 4066 formae,
904 3988 982 4073 quin
1008 4003 1043 4054 et
1065 4007 1187 4052 aeneo·
1363 3988 1491 4051 Eodem
1508 3981 1689 4070 epigraphe
1704 3999 1737 4049 et
1756 4001 1866 4071 caput.

439 4105 531 4164 rum,
547 4083 582 4146 in
597 4105 736 4168 qnorum
751 4107 863 4153 averna
879 4103 1037 4174 perpetua
1053 4103 1103 4153 eat
1117 4090 1186 4174 epi·
1243 4081 1456 4151 AHMAPX.
1469 4084 1536 4152 ΕΞ,
1552 4081 1731 4149 ΤΠΑΤΟ.
1742 4113 1775 4164 ς.
1794 4092 1916 4172 Figura
1928 4107 1982 4172 po·

440 4186 565 4270 grapho
588 4182 861 4266 nHManno
879 4189 1043 4266 ΕΞουσιας
1066 4185 1185 4253 ΤΠΑ-
1242 4189 1361 4252 ludera
1374 4191 1406 4252 d.
1424 4189 1555 4250 hastam
1571 4191 1882 4274 insistansArgueo
1899 4211 1981 4252 mon·

440 4285 524 4364 Τος,
545 4284 655 4353 addito
677 4301 864 4353 constanter
885 4314 1022 4357 numero
1038 4293 1185 4356 concula·
1241 4293 1281 4356 ti.
1302 4291 1374 4382 dil.
1390 4292 1445 4355 111.
1462 4290 1589 4366 (Vaill.)

439 4400 510 4465 tua,
537 4408 603 4452 non
628 4408 761 4474 temper
784 4391 976 4457 tribuniciae
1002 4394 1184 4478 potestatis.
1281 4393 1343 4454 Eat
1363 4391 1449 4454 haud
1471 4391 1570 4456 dubie
1583 4393 1768 4459 Caesareae
1786 4391 1976 4478 Capadociae

440 4487 604 4582 Quoniam
624 4491 658 4552 in
681 4493 731 4555 itia
754 4491 860 4570 urbia,
883 4496 939 4559 vel
960 4495 1107 4580 regionia
1128 4515 1186 4559 no·
1241 4509 1379 4580 propter
1406 4493 1603 4578 insculptum
1628 4510 1780 4562 montem
1799 4497 1975 4580 dngaennt·

439 4610 517 4655 men
547 4613 612 4655 non
641 4593 789 4671 additur,
824 4615 941 4659 eornm
962 4596 1104 4683 patriam
1128 4618 1184 4660 ne·
1243 4596 1328 4662 Vide
1347 4597 1446 4680 bajus.
1462 4617 1590 4662 numos.

355 4867 359 4875 '
477 4797 508 4865 a)
527 4797 571 4854 De
586 4797 637 4858 Vi.
652 4801 805 4860 consulatu
821 4801 953 4861 ilononi.
968 4824 994 4861 r.
1013 4818 1056 4871 30.
