4267 5500
739 563 1106 644 HADRIANVS·
1615 592 1689 678 [Μ

131 739 221 804 inira
246 735 287 804 ad
312 755 462 800 numum:
494 733 753 803 DISCIPLINA.
780 737 882 806 AVG.
939 739 1102 816 sublevat,
1119 739 1156 804 in
1171 690 1380 804 mediamna
1392 745 1601 825 promittente
1612 747 1687 830 pat.

132 841 266 928 plenius
282 839 490 904 disseremus.
522 835 629 931 Quam
651 857 732 905 vero
755 837 884 904 duriter
940 860 1014 906 mae
1028 861 1132 904 ramo.
1153 841 1226 911 AV.
1238 843 1454 924 (Manciae.)
1471 847 1541 913 AR.
1557 845 1685 929 (Vaill.)

132 955 225 1008 tanta
247 942 366 1008 itinera
388 939 524 1017 iecerit,
549 939 639 1003 nulla
660 941 816 1026 cujusque
836 941 884 1004 in·
937 941 1010 1002 ΑΕ.
1025 942 1105 1008 1.11.
1121 940 1221 1011 obvii.
1418 1027 1421 1032 Ι

136 1043 305 1110 commodi
317 1041 425 1106 habita
438 1041 584 1120 ratione,
598 1041 663 1126 jam
678 1040 832 1120 diximus,
849 1055 884 1108 et
983 1042 1120 1128 Saepius
1157 1044 1315 1110 Achaiam
1354 1047 1463 1116 invisit
1500 1047 1684 1116 Hadrianus

135 1145 268 1211 dicetur
285 1145 401 1208 adhuc.
939 1143 1075 1206 nimium
1100 1143 1280 1211 delectatus
1305 1147 1506 1214 Graecorum
1531 1153 1682 1237 ingenio,

178 1245 381 1310 Manendum
423 1252 612 1330 praeterea,
662 1265 778 1310 numos
821 1246 883 1310 hos
939 1265 1005 1330 qno
1025 1245 1165 1326 Achaia,
1193 1249 1288 1313 latius
1308 1251 1343 1313 in
1363 1253 1585 1319 Romanorum
1608 1276 1682 1320 sen·

134 1347 316 1436 plerosque
350 1367 417 1412 non
454 1367 528 1409 osse
558 1347 701 1432 signatos
736 1367 777 1412 eo
810 1347 882 1432 ipss
940 1363 978 1408 sn
1002 1361 1152 1432 accepta,
1183 1350 1260 1414 inde
1288 1351 1327 1416 ab
1352 1354 1572 1419 remotissimo
1600 1375 1684 1432 aevo

135 1471 240 1528 anno,
259 1470 323 1534 quo
336 1448 521 1534 provincias
534 1448 677 1533 singulas
692 1447 882 1527 adivit,acd
939 1445 1075 1511 illustris
1105 1449 1237 1517 exstitit.
1283 1451 1390 1546 Quam
1419 1454 1453 1516 in
1481 1456 1552 1539 ejus
1580 1456 1683 1521 nrbes'

133 1552 252 1616 saltem
273 1551 461 1636 complures
484 1551 587 1614 multo
609 1551 730 1626 serius3
752 1551 881 1614 namin
939 1548 1110 1613 munificus
1129 1551 1246 1631 luerit,
1270 1554 1417 1638 pluribus
1439 1557 1472 1618 iu
1493 1556 1576 1621 locis
1595 1579 1684 1622 com·

134 1653 286 1718 omnibus
307 1653 402 1736 hujus
422 1651 533 1714 elassis
554 1653 660 1715 numia
682 1651 802 1716 dicitur
818 1655 882 1715 Po·
939 1665 1100 1714 memorat
1141 1655 1331 1732 Pausanias,
1382 1671 1495 1722 ornata
1535 1659 1681 1738 balneis,

133 1769 185 1818 ter
200 1757 357 1836 Patriae,
381 1773 479 1840 quem
498 1752 626 1816 titulum
645 1774 729 1836 anno
749 1754 880 1818 demum
939 1767 972 1814 ct
997 1753 1088 1837 aquIs
1112 1774 1154 1817 ex
1177 1756 1367 1838 Stymphalo
1391 1756 1546 1824 derivatis
1568 1762 1683 1826 Corin·

131 1857 174 1922 V.
196 1859 234 1922 C.
264 1857 344 1934 881,
377 1877 436 1919 seu
467 1853 598 1938 imperii
627 1876 711 1918 suno
741 1857 796 1922 XI.
826 1857 880 1920 ad·
937 1853 1012 1931 tho,
1030 1856 1180 1940 templis,
1201 1857 1399 1938 porticibus,
1420 1860 1602 1925 simulacris
1617 1885 1682 1946 per

132 1958 275 2043 optavit,
299 1977 371 2020 cum
393 1972 501 2038 tamen
522 1968 614 2020 certo
634 1971 778 2035 constet,
803 1978 879 2021 eum
936 1954 1014 2018 alias
1048 1957 1147 2020 urbes
1181 1957 1295 2040 positis
1318 1961 1358 2041 ⁸).
1405 1963 1449 2022 At
1483 1965 1680 2048 praecipuus

131 2061 194 2144 jam
217 2073 291 2124 autc
318 2059 406 2122 istud
432 2073 558 2142 tempus
586 2059 702 2121 multas
725 2080 879 2145 peragra-
935 2057 1093 2120 Hadriani
1122 2058 1268 2123 adiectus
1296 2059 1331 2120 in
1356 2060 1519 2148 Athenas,
1541 2085 1616 2149 'qua
1645 2065 1681 2126 in

130 2177 200 2225 tum
222 2161 414 2246 provincias.
447 2160 664 2224 Indubitatnm
687 2159 804 2245 igitur,
827 2182 878 2226 se·
936 2159 1017 2222 urbe
1055 2159 1160 2225 adhuc
1200 2161 1343 2246 privatus
1380 2165 1571 2229 anebontem
1611 2167 1682 2251 egit

130 2265 198 2328 rius
217 2277 400 2328 amonotae
418 2261 595 2346 praelectis
617 2261 795 2345 imperatos
815 2263 876 2326 hos
934 2258 976 2327 V.
1000 2261 1036 2324 C.
1063 2261 1127 2324 sos
1154 2276 1239 2326 teste
1265 2263 1451 2348 Phlegonte
1473 2263 1518 2348 b).
1561 2267 1680 2330 Factus

129 2382 225 2450 typos
242 2365 448 2430 recensendo
467 2363 655 2448 singillatim
670 2363 743 2427 illas
761 2377 876 2442 terras,
934 2361 1071 2425 subinde
1094 2364 1275 2448 imperator
1295 2366 1379 2427 nihil
1403 2379 1474 2430 erat
1498 2367 1679 2442 honorum,
1808 2388 1812 2394 ’

131 2490 209 2555 quas
230 2487 292 2552 per
309 2465 530 2541 vicesobivit,
549 2486 613 2549 quo
630 2466 877 2549 senimperato⁴
935 2463 1024 2549 quod
1054 2464 1128 2525 urbi
1158 2467 1287 2552 antiqua
1319 2466 1404 2529 fama
1435 2469 1584 2552 cognitae
1612 2492 1681 2535 non

130 2571 176 2634 ris
202 2569 254 2631 sui
277 2569 446 2652 praeclaro
471 2566 555 2630 facta
577 2567 760 2649 posteritati
789 2589 877 2632 com·
934 2563 1128 2646 impertiret.
1166 2571 1256 2630 Inter
1284 2589 1385 2653 opera
1411 2568 1457 2631 ibi
1484 2583 1602 2633 statuta
1630 2585 1681 2634 est

129 2669 504 2752 mandarent,souejus
521 2667 704 2746 ambitioni,
721 2681 755 2732 et
772 2671 876 2734 laudis
935 2667 1154 2749 gymnasium,
1185 2669 1404 2748 bibliotheca,
1440 2673 1599 2755 templum
1629 2674 1681 2734 Iu·

130 2772 301 2858 cupiditati
318 2774 491 2837 servirent.
933 2768 1045 2843 nonis,
1075 2783 1108 2831 et
1131 2772 1217 2835 lovis
1240 2771 1464 2849 Panhellenii,
1492 2774 1553 2836 sed
1577 2775 1679 2835 omni·

174 2874 252 2968 Qua
274 2896 358 2961 anno
380 2872 520 2937 adiverit
541 2870 696 2955 regiones
717 2870 875 2953 singulas,
933 2867 994 2930 bus
1023 2870 1074 2930 his
1101 2885 1244 2951 praestat
1269 2872 1429 2955 templum
1438 2872 1539 2953 plovis
1565 2873 1680 2957 Olym·

130 2998 269 3063 quarum
283 2976 317 3037 in
336 2975 387 3037 his
406 2974 512 3038 numia
532 2974 568 3037 iit
588 2973 727 3051 mentio,
750 2971 779 3034 si
798 2972 878 3056 qnid¹
933 2970 980 3055 pii
996 2972 1043 3051 c),
1062 2969 1181 3053 dequo
1198 2970 1283 3034 infra
1299 2970 1358 3034 snb
1377 2973 1471 3037 titulo
1491 2975 1676 3057 Oirmpius,

129 3077 304 3163 probabile
328 3076 526 3159 occurrerit,
556 3076 590 3137 in
611 3076 690 3159 ipsis
711 3094 877 3137 commen·
933 3092 1030 3157 qnam
1054 3072 1220 3136 Hadriano
1244 3072 1368 3137 dedere
1393 3074 1530 3153 GraecI,
1555 3074 1679 3138 redibit

129 3178 222 3243 teriia
251 3177 372 3241 docere
399 3198 466 3241 nou
493 3177 670 3263 negIIgam.
713 3176 816 3239 Mults
840 3177 876 3239 in
934 3174 1067 3237 mentio.
1098 3174 1233 3237 Addidit
1254 3191 1426 3260 praeterea
1450 3198 1597 3260 magnam
1620 3198 1678 3260 pe·

129 3282 193 3345 bac
222 3301 316 3343 causa
346 3280 459 3363 reperi
487 3279 630 3356 incerta,
660 3291 695 3341 et
721 3276 874 3355 obscura,
934 3276 1079 3352 cuniam,
1106 3276 1324 3354 frumentum,
1351 3298 1388 3342 ac
1410 3276 1552 3363 denique
1575 3290 1678 3341 totam

130 3402 215 3467 quae
232 3381 307 3445 satis
324 3381 488 3445 illustrare
506 3380 652 3445 virorum
671 3378 875 3443 eruditorum
932 3377 1071 3441 insulam
1097 3378 1341 3463 Cephalleniam
1362 3382 1407 3463 d).
1438 3381 1535 3448 Vnda
1556 3380 1677 3445 merito

129 3482 269 3545 adhibiti
293 3495 425 3545 conatus
446 3481 591 3545 nondum
614 3495 765 3565 potuere.
796 3482 876 3545 Om·
932 3478 1175 3565 hierophantis,
1200 3500 1282 3563 quaa
1300 3480 1500 3544 Hadrianum
1517 3484 1676 3547 Eleusine

128 3587 221 3647 nium
245 3584 375 3649 minime
398 3584 582 3669 sequendus
600 3584 735 3667 Pagina,
763 3582 818 3665 qui
841 3582 875 3643 in
930 3580 1085 3660 initiavit,
1101 3584 1136 3643 in
1152 3580 1302 3663 elegante
1320 3583 1569 3667 epigrammate,
1587 3585 1676 3669 qnod

130 3686 253 3771 Critica
273 3686 437 3771 suaipsus
452 3685 515 3747 sibi
535 3684 667 3773 pedicas
684 3682 802 3749 lubens
820 3705 876 3750 vo·
931 3696 1006 3747 ante
1027 3702 1129 3746 annos
1146 3702 1266 3766 paucos
1279 3682 1403 3746 ibidem
1419 3686 1545 3767 reperit
1558 3688 1675 3748 Wora·

130 3792 270 3875 lanaque
291 3786 462 3875 adligavit,
495 3786 572 3849 dum
596 3805 663 3851 non
688 3798 874 3869 temporam
930 3786 1023 3867 lepus
1042 3783 1185 3867 Anglus,
1201 3798 1235 3847 et
1252 3805 1325 3848 cum
1344 3787 1479 3851 eruditis
1498 3787 1675 3850 commoni-

127 3890 241 3967 modo,
258 3888 316 3953 sed
335 3901 369 3951 et
384 3909 496 3952 rerum
511 3901 675 3971 gestarum
691 3887 812 3951 seriem
827 3887 875 3949 in·
932 3885 1016 3951 cavit
1039 3884 1186 3947 eruditus
1209 3885 1309 3953 Show
1330 3889 1442 3952 Dauus
1462 3891 1508 3969 e),
1540 3888 1582 3953 ds
1607 3889 1671 3952 boc

126 3991 242 4057 lanatis
256 3990 322 4053 suis
333 3992 620 4075 quinquennalibus
633 3988 767 4075 epochis
782 4009 876 4053 coer-
930 3988 1129 4072 imperatore
1150 3986 1246 4050 disits

128 4112 207 4157 cers
222 4090 435 4161 adlaboravit.

373 4192 406 4281 '4
492 4186 511 4229 '⁸
595 4236 616 4277 2
712 4248 714 4255 .
972 4194 1115 4257 Asana
1131 4189 1164 4267 ὃς
1180 4209 1296 4289 pascar
1314 4201 1441 4259 phaores
1460 4217 1603 4281 καπχευε
1619 4217 1671 4258 aa·

289 4299 324 4359 V
321 4309 336 4358 t
353 4298 405 4359 tit.
423 4296 464 4359 H·
1095 4326 1100 4337 ·
1462 4302 1587 4375 λεσσιι,

126 4398 443 4470 nsssfflvtottl.
459 4396 666 4481 ACHAIAE.
688 4394 873 4479 Imperator
1056 4390 1228 4477 Adparet,
1256 4403 1376 4477 κλεινης
1395 4396 1423 4461 d
1443 4396 1542 4483 ἔξοχα
1562 4397 1673 4478 Ktaen-

126 4514 268 4585 togotoa
282 4514 378 4565 stom
393 4500 565 4563 mulierem
579 4515 670 4578 genu
677 4498 872 4581 flectentem
1368 4548 1373 4556 .
1464 4522 1547 4577 mag.

162 4707 637 4787 aJL.II.p.117.1ta.etalibi.
692 4706 728 4779 b)
747 4704 1027 4768 inMirabdc.25.
1083 4708 1115 4777 c)
1134 4707 1510 4787 Pansan.b.Lp.tt.ts.
1565 4706 1673 4780 d)Dio

128 4800 161 4859 b.
175 4796 277 4861 nm.
296 4802 320 4873 l.
333 4806 376 4865 16.
431 4804 461 4873 c)
485 4793 592 4859 Chatta
607 4816 711 4877 papyr.
727 4816 757 4875 p·
770 4809 815 4861 tt.
