4267 5500
430 486 500 565 502
820 414 828 445 ¹
919 546 922 554 ,
1106 472 1305 550 TITVS.

425 673 469 735 po
483 662 558 735 psat
574 648 644 732 ejus
658 646 692 709 in
705 646 823 710 urbem
836 645 1025 728 adrentum)
1040 642 1172 709 destitit
1229 642 1362 729 imperii
1393 638 1602 726 sociantem,
1639 665 1736 733 mam
1770 646 1972 733 imperatoria
2080 662 2081 665 ’

421 758 630 838 participem,
648 761 749 829 atque
764 752 866 812 etium
880 762 1024 812 tutorem
1039 746 1174 830 imperii
1230 747 1361 810 titulum
1384 767 1427 809 ex
1452 748 1611 815 victoriis.
1640 750 1721 833 Ejus
1752 764 1974 833 argumentum

424 875 534 939 ogere.
571 854 657 917 Saue
680 870 812 915 omnem
835 862 1048 934 potestatem,
1076 868 1175 933 quan·
1230 848 1411 935 praebeant
1430 850 1663 933 inscriptiones
1681 850 1796 935 capitis
1815 850 1849 913 in
1871 853 1972 913 numia
2080 882 2081 903 κ

424 972 584 1039 tacnnque
615 953 763 1017 eonisrri
791 954 938 1037 poterat,
977 950 1126 1015 ridemus
1156 972 1173 1013 a
1232 949 1380 1035 einaim
1411 951 1487 1013 unni
1517 952 1558 1019 V.
1589 951 1626 1013 C.
1654 953 1736 1029 aas,
1771 950 1809 1011 iu
1837 972 1971 1037 quorum

327 1039 334 1052 ⁶
424 1071 517 1143 patre
544 1055 718 1121 cnm'lilio
746 1055 1033 1130 communicatam,
1065 1048 1108 1115 e'o
1140 1052 1174 1113 in
1232 1072 1317 1114 nuo:
1427 1098 1430 1107 .

424 1158 649 1225 consulatibus
666 1156 817 1221 omnibus
832 1155 974 1240 conlega
988 1155 1173 1237 adsumpto,
1208 1230 1211 1237 Δ
1238 1190 1241 1195 ι
1275 1152 1973 1223 r;c.tnslttt.vsssrA81AN.1n1P.r0rt

425 1260 591 1324 communi
612 1258 769 1342 triumphi
791 1271 829 1321 et
852 1277 1013 1320 censurae
1029 1256 1173 1333 honoro,
1276 1254 1345 1317 ΤΒ.
1360 1256 1461 1321 ΡΟΤ.
1476 1254 1571 1323 COS.
1586 1257 1628 1321 11.

424 1363 542 1426 collata
567 1360 643 1424 trila.
669 1372 846 1445 potestate,
875 1372 909 1421 et
934 1356 1093 1441 permissa
1116 1355 1177 1417 im'·
1231 1358 1267 1419 in
1283 1358 1367 1421 aliea

423 1462 584 1549 peratorii
613 1444 655 1524 tie
688 1460 835 1524 victoriis
863 1460 950 1524 tituli
981 1458 1173 1533 iteratione,
1276 1462 1315 1521 Τ.
1334 1456 1516 1521 CAESAR.
1538 1456 1793 1523 VESPASIAN.
1811 1458 1901 1522 intr.
1928 1460 1974 1519 lli.

389 1638 391 1641 v
425 1564 555 1649 quoties
581 1563 652 1647 ipse
676 1583 752 1625 enm
778 1561 1175 1628 iterarit.2(20nli1·matur
1238 1585 1242 1597 =
1274 1559 1376 1625 Pon.
1392 1560 1462 1623 TR.
1481 1556 1583 1623 ΡΟΤ.
1599 1560 1640 1624 11.
1660 1557 1755 1624 (208.
1775 1560 1817 1625 ll.

425 1666 569 1749 deniqne
596 1664 705 1730 verbis
725 1663 827 1725 Plinii
850 1664 884 1725 in
905 1662 1112 1746 Panegyrico
1134 1660 1175 1723 ad
1233 1660 1331 1724 Certe
1357 1660 1391 1720 in
1420 1672 1560 1743 utroque
1584 1680 1685 1723 numo
1712 1658 1830 1724 eadem
1851 1674 1908 1725 est*
1930 1684 1976 1723 aaa

426 1768 602 1849 Troianum
617 1768 663 1847 ¹),
681 1764 828 1849 quicum
843 1765 885 1827 de
902 1765 1076 1848 Trajanoa
1093 1766 1175 1827 Nor-
1232 1764 1322 1828 IMP.
1339 1760 1500 1845 potentia,
1523 1760 1585 1822 sod
1601 1760 1633 1822 in
1652 1761 1874 1826 altero'nnmo
1890 1784 1974 1846 prae·

425 1890 466 1935 ra
480 1867 631 1951 adoptato
651 1867 802 1930 dixissem
814 1864 1052 1949 ,sirnulfiliua
1072 1866 1178 1928 simul
1232 1876 1327 1926 teron
1354 1861 1530 1924 exhibetur
1550 1862 1594 1923 ad
1618 1860 1828 1925 indicandum
1851 1864 1972 1927 titulum

427 1972 572 2045 Cacsar,
599 1989 679 2032 mou
704 1966 1013 2042 IMPERATOR,
1037 1978 1073 2029 ct
1101 1986 1177 2029 son·
1234 1985 1276 2027 ex
1302 1963 1459 2031 victoriis.
1487 1963 1612 2025 Similis
1633 1962 1720 2025 ratio
1745 1978 1797 2027 eat
1819 1966 1855 2027 in
1875 1967 1971 2029 numia

425 2093 499 2133 sors
517 2073 595 2134 trib.
610 2070 811 2153 potestatis,
834 2082 868 2130 et
892 2069 1006 2129 omniu
1027 2069 1174 2149 pariter,
1232 2066 1276 2135 V.
1293 2067 1328 2131 C.
1344 2067 1409 2129 830
1428 2064 1580 2148 signatis,
1602 2064 1791 2148 inquorum
1806 2086 1887 2131 uno:

425 2186 461 2234 ct
480 2175 598 2239 statim
613 2174 736 2253 sactus
758 2186 826 2246 est,
855 2168 1009 2232 continno
1025 2169 1173 2253 subjicitt
1275 2170 1315 2234 T.
1334 2168 1518 2231 CAESAR.
1536 2168 1624 2253 roff.
1643 2168 1951 2239 VESPASIANVS.

425 2293 510 2351 quoe
520 2274 679 2355 proximo
687 2292 915 2354 parensverus
925 2272 1173 2353 (Vespasianus)
1232 2270 1266 2333 in
1283 2269 1366 2333 alio:

426 2376 608 2435 tontumin
623 2370 888 2455 ulterumfilium
901 2373 1044 2454 (Titum)
1059 2386 1176 2434 contu·
1275 2374 1314 2437 Τ.
1325 2371 1508 2435 CAESAR.
1518 2355 1971 2442 VESPASvasAnaver·

403 2545 407 2553 ,
426 2474 480 2536 lit.
503 2472 540 2534 Si
556 2493 638 2555 ergo
654 2473 809 2535 hocloco
825 2472 1174 2555 vocabulumimpsrc'r·
1272 2494 1326 2536 ea:
1350 2475 1439 2539 lMP.
1458 2472 1544 2536 xm.

426 2585 482 2636 tor
497 2580 708 2658 non'partnm
723 2573 864 2659 'l'rnjnno
885 2594 926 2637 ex
944 2573 1081 2639 victoria
1098 2572 1173 2635 titu·
1233 2574 1405 2638 Omittitur
1424 2573 1577 2637 nimirum
1602 2573 1635 2637 in
1659 2574 1794 2639 alterius
1814 2576 1904 2641 numi
1924 2596 1973 2639 an·

426 2662 524 2754 lum,
544 2675 605 2739 sed
628 2675 661 2736 in
686 2675 826 2760 imperio
855 2676 1042 2759 conlegium
1066 2686 1172 2751 notat,
1231 2676 1295 2741 tica
1321 2697 1385 2742 vox
1408 2678 1513 2752 IMR,
1546 2679 1697 2761 qnoniam
1722 2678 1757 2741 in
1781 2700 1898 2745 areret
1919 2698 1971 2763 po·

425 2774 515 2839 idem
540 2778 637 2841 etiam
665 2800 707 2842 ex
732 2778 831 2840 Plinii
858 2775 1018 2841 sententia
1039 2773 1073 2837 in
1098 2777 1173 2839 Tito
1231 2779 1320 2842 nitur
1351 2777 1461 2842 addito
1484 2799 1528 2841 ex
1554 2781 1701 2845 victoriis
1727 2801 1880 2848 numero.
1913 2784 1972 2844 Ne·

424 2879 560 2945 notabit.
600 2883 725 2944 Tamen
751 2880 905 2957 honoris,
937 2900 975 2942 ac
1004 2877 1173 2961 potestatis
1213 2901 1296 2964 ·que
1315 2879 1403 2942 istud
1421 2880 1519 2944 modo
1537 2871 1729 2950 observatur
1749 2884 1784 2946 in
1802 2883 1906 2948 numia
1922 2883 1971 2944 ri·

392 3015 397 3022 -
425 2985 599 3067 primatum
611 2979 1174 3066 patriadserueretitulnerlngusti,
1231 2982 1256 3044 ti
1279 2982 1443 3059 Caesaris,
1474 2965 1650 3048 sedetiam
1670 2986 1879 3070 Vespasiani,
1903 3004 1969 3048 nam

426 3086 635 3169 imperatorie
649 3097 685 3147 ut
700 3104 912 3168 praenomen,
925 3081 1025 3168 patria
1039 3081 1174 3165 patriae,
1229 3083 1263 3144 in
1289 3083 1384 3166 hujus
1408 3105 1508 3147 numo
1534 3086 1576 3154 V.
1601 3089 1638 3152 C.
1656 3087 1718 3152 831
1746 3087 1876 3172 signato
1896 3085 1969 3169 legi-

427 3200 462 3248 ot
478 3185 642 3270 pontificis
661 3185 803 3253 maximi.
1152 3181 1153 3185 ’
1230 3198 1300 3248 tore
2080 3255 2081 3264 ἶ

468 3286 560 3350 reem
586 3286 707 3351 inviae
732 3267 899 3350 stabiliunt
922 3283 1022 3350 sumt
1061 3287 1097 3344 n
1122 3282 1174 3346 his
1276 3283 1460 3352 causan.
1475 3287 1788 3362 respnsmnvs.
1805 3287 1967 3368 avenn

426 3409 511 3452 anno
539 3389 579 3456 V.
602 3391 640 3452 C.
665 3391 729 3465 824
754 3387 888 3472 signatis
916 3385 1036 3449 dicitnr
1057 3387 1174 3448 DESI·
1274 3407 1405 3453 everrat
1428 3391 1522 3456 taff.
1532 3391 1619 3455 XIX.
2080 3373 2081 3376 Ἴ

400 3492 558 3572 ‘Gnatus
576 3491 778 3553 IMPerater.
800 3487 853 3550 Ad
872 3489 958 3551 hunc
975 3489 1105 3551 titulum
1132 3509 1173 3551 ox
1489 3539 1510 3578 g
1596 3491 1616 3529 *
1700 3541 1719 3578 ι

425 3591 562 3656 victoria
583 3607 711 3677 partum
728 3613 827 3655 nemo
845 3590 1091 3675 designabatur,
1113 3585 1173 3652 sed
1273 3591 1438 3654 Hactenus
1463 3592 1504 3656 ds
1527 3597 1734 3678 imperatoris
1754 3598 1851 3662 titulo
1867 3597 1967 3661 conle-

427 3695 520 3758 datus
548 3709 600 3757 est
624 3717 700 3757 mox
725 3708 800 3778 post
822 3693 994 3758 victoriam
1018 3693 1173 3756 acclama·
1231 3691 1278 3775 gii
1295 3691 1421 3772 indice,
1446 3717 1530 3760 nunc
1551 3697 1584 3758 in
1606 3695 1747 3759 eundem
1767 3719 1810 3763 ex
1831 3695 1967 3778 uictoriis

426 3796 516 3860 tione
533 3795 675 3858 militari.
707 3795 758 3856 Ad
780 3795 862 3858 haec
882 3796 974 3856 Titus
995 3795 1060 3877 jam
1087 3815 1172 3858 anno
1230 3794 1405 3876 repetitum
1421 3795 1632 3881 inquiramus.

423 3895 645 3980 praecedente
664 3917 707 3958 ex
725 3897 826 3980 captis
844 3894 1083 3976 Hierosolymis
1108 3893 1174 3980 dio·
1270 3887 1313 3960 V.
1344 3898 1378 3958 C.
1405 3899 1468 3960 823
1502 3913 1593 3962 certe
1621 3899 1683 3963 luit
1709 3903 1801 3968 ΙΜΡ.
1826 3910 1871 3982 L,
1900 3921 1968 3964 nam
2080 3907 2081 3912 ’

425 4013 476 4060 tns
495 4012 546 4061 est
560 3997 755 4080 imperator,
777 4011 813 4059 ut
831 4017 908 4060 mox
926 3994 1072 4072 dicetur,
1089 4017 1172 4079 ergo
1230 4009 1314 4060 teste
1346 3997 1502 4062 Suetonio
1527 3999 1578 4082 b),
1611 4000 1719 4066 Dione
1744 4015 1791 4080 θ),
1829 4019 1862 4068 et
1888 4007 1968 4068 lose·
2080 4001 2081 4076 ,

425 4097 1042 4183 istitnlusintelligendusostdeTito
1058 4096 1172 4161 adim·
1230 4100 1296 4181 pho
1323 4095 1373 4181 t¹),
1411 4101 1601 4185 expugnatis
1637 4103 1877 4188 Hierosolymis
1909 4127 1966 4166 una

397 4272 406 4284 Ι
424 4202 512 4287 perii
525 4202 711 4286 conlegium
730 4200 911 4284 designato.
1230 4220 1304 4264 curn
1321 4217 1413 4288 patre
1434 4226 1452 4266 a
1468 4203 1623 4267 militibus
1639 4206 1832 4272 acclamatus
1851 4221 1898 4272 est
1913 4207 1968 4270 iu-

466 4305 560 4368 Haec
588 4317 624 4365 ut
657 4317 746 4366 certa
777 4317 866 4379 snat,
898 4302 942 4364 ita
968 4322 1036 4363 non
1064 4301 1169 4366 minus
1228 4315 1372 4385 perator.

426 4411 571 4482 certum,
596 4405 630 4470 iu
653 4405 759 4466 saumis
781 4402 848 4464 Titi
866 4401 1061 4466 vocabulum
1079 4406 1168 4469 IMP.
1218 4437 1224 4442 ·
1269 4405 1310 4470 V.
1325 4405 1360 4466 C.
1377 4405 1441 4481 aaa
1458 4403 1588 4470 ridetur
1605 4406 1709 4473 dictur
1727 4411 1815 4474 latr.
1836 4413 1888 4486 ll,
1911 4407 1965 4472 sed

425 4529 654 4594 nonnunquam
681 4506 819 4573 valuisse
841 4518 907 4568 tam
930 4502 972 4568 ad
996 4505 1170 4568 notandam
1229 4505 1347 4570 desunt
1362 4521 1581 4574 monumenta.

463 4700 494 4765 a)
515 4697 632 4770 Cape.
705 4697 742 4757 ht
763 4696 878 4773 Cape.
954 4697 984 4767 c)
1004 4694 1037 4754 L.
1052 4695 1155 4761 LXVI.
1171 4698 1194 4768 i.
1211 4708 1236 4756 7.
1311 4693 1345 4766 d)
1366 4695 1523 4780 tteltlnd.
1540 4699 1573 4756 L.
1591 4699 1642 4756 Vl.
1660 4721 1684 4758 c.
1703 4703 1776 4773 6-,5-
1791 4719 1816 4762 1.
