4267 5500
387 574 492 669 xox
945 560 1429 639 raasraoro
1507 546 1540 668 ᾖ

398 782 495 837 nem
521 745 634 863 (pag
655 738 747 852 14).
778 743 933 829 Verum
949 742 1027 825 Dio
1058 743 1181 856 longe
1209 738 1325 824 atiud
1343 740 1485 846 docet,
1509 748 1559 823 ut
1579 736 1766 823 dicemus
1790 738 1837 824 in
1867 736 1959 854 ejus

397 890 526 974 lllviri
544 884 694 973 numis
722 882 813 989 Ait,
836 875 951 994 (Peg.
966 871 1055 987 63)
1075 878 1299 965 Tiberium
1317 878 1457 965 statim
1477 877 1642 963 mortuo
1658 880 1846 991 Atrgrmo
1872 872 1961 961 dic·

394 1042 488 1113 tum
505 1026 632 1114 fuisse
647 1044 818 1141 patrem
841 1024 1012 1136 patriae
1038 1018 1153 1135 quod
1170 1020 1223 1102 ab
1247 1046 1299 1103 eo
1325 1018 1526 1131 scriptum
1551 1028 1668 1101 tanto
1692 1014 1824 1129 magis
1843 1012 1966 1097 lubet

393 1167 560 1272 mirari,
598 1197 683 1254 non
720 1166 846 1251 modo
867 1145 872 1158 ’
890 1160 1003 1277 quod
1032 1156 1224 1243 auctores
1261 1186 1407 1241 omnes
1442 1154 1699 1268 conspirant,
1733 1180 1760 1235 a
1789 1150 1964 1237 Tiberio

396 1302 511 1387 hunc
538 1304 740 1390 honorem
768 1314 1004 1387 constanter
1022 1298 1149 1382 fuisse
1173 1293 1458 1408 repudiatum,
1487 1291 1562 1379 sed
1590 1292 1716 1379 etiam
1738 1286 1853 1403 quod
1871 1288 1963 1403 ipse

398 1442 561 1525 nullum
582 1438 906 1556 repraesentavit
927 1464 1125 1543 numum,
1150 1436 1195 1518 in
1219 1462 1302 1547 quo
1332 1432 1529 1519 Tiberius
1554 1432 1597 1517 P.
1609 1432 1653 1516 P.
1675 1428 1960 1543 appellaretur.

262 1607 267 1619 ·
398 1578 488 1685 m,
518 1561 630 1692 (rag.
647 1572 735 1685 oe)
766 1577 986 1662 menum
1013 1574 1057 1659 v,
1074 1572 1119 1658 c.
1145 1566 1233 1673 roo
1257 1570 1554 1683 imperatorem
1571 1568 1666 1654 vm
1693 1569 1747 1651 ab
1777 1564 1965 1651 exeram

399 1710 527 1799 fuisse
547 1716 796 1823 salutatum,
829 1728 872 1800 et
901 1727 1043 1798 tamen
1067 1736 1143 1826 per
1170 1710 1310 1824 plures
1330 1706 1525 1823 deinceps
1555 1706 1693 1791 adhuc
1716 1733 1846 1789 annos
1869 1730 1965 1815 pro·

399 1852 480 1935 fert
513 1878 662 1937 numos
694 1854 912 1966 inscriptos
937 1847 1044 1935 lMP.
1059 1849 1135 1933 Vtt
1166 1848 1256 1957 Ait,
1297 1838 1411 1961 (Peg
1433 1838 1547 1950 151.)
1580 1844 1821 1959 'Traianum
1851 1838 1896 1925 V.
1915 1840 1961 1923 C.

399 1984 489 2091 950
521 1989 631 2103 (lege
651 1982 766 2097 aad)
801 1980 962 2075 dictum
988 1986 1116 2070 fuisse
1144 1983 1388 2094 Dacicum,
1427 1997 1470 2071 ct
1500 1997 1643 2068 tamen
1665 1982 1750 2098 jam
1783 1976 1837 2061 ad
1856 1975 1903 2062 V.
1922 1978 1967 2063 C.

319 2160 323 2174 ·
397 2132 486 2215 855
517 2123 732 2239 descripsit
762 2116 934 2235 numos,
967 2124 1013 2207 in
1041 2123 1194 2237 quibus
1229 2121 1443 2208 isdicitur
1472 2118 1591 2205 GER
1612 2119 1732 2204 ΒΑΘ.
1765 2115 1873 2201 ΝοΙο
1892 2140 1968 2199 cu-

399 2265 562 2347 mulare
587 2264 798 2377 exempla,
828 2290 1007 2376 quorum
1044 2262 1203 2389 justum
1232 2286 1455 2345 numerum
1480 2260 1526 2343 in
1554 2257 1824 2381 sequentibus
1852 2282 1970 2339 com-

398 2400 611 2493 mentariis
637 2400 849 2509 dabimus,
878 2413 1004 2515 atque
1031 2396 1144 2484 istud
1172 2395 1226 2480 ad
1246 2396 1452 2510 hactenus
1476 2396 1589 2483 dicta
1613 2392 1820 2479 addidisse
1839 2384 1970 2498 fsufii-
2128 2507 2129 2522 Ν

402 2539 484 2623 ciat
497 2538 512 2647 ,'
554 2540 789 2653 catalogum
826 2536 964 2647 hunc,
1005 2551 1066 2622 ut·
1086 2565 1112 2619 a
1140 2534 1414 2620 Mediobarbo
1450 2529 1645 2649 vulgatus
1682 2545 1840 2641 exstat,
1882 2561 1970 2617 non

399 2674 525 2762 modo
549 2674 667 2784 illos,
702 2676 774 2790 ‹pti
789 2674 1045 2783 utirolunt,
1072 2674 1118 2758 in
1135 2673 1227 2782 avia
1253 2672 1428 2783 ducere,
1454 2671 1527 2759 sed
1552 2685 1596 2759 et
1616 2698 1868 2787 magnopere
1889 2670 1972 2754 im-

400 2813 553 2930 pedire.
592 2813 713 2926 Quod
742 2814 777 2898 si
807 2814 958 2928 Pagius
991 2814 1046 2898 in·
1064 2839 1141 2894 sua
1166 2812 1334 2898 Baronii
1363 2812 1517 2925 Critica
1543 2838 1629 2896 non
1661 2837 1757 2896 raro
1796 2809 1970 2924 quaevis

400 2952 487 3056 alia
506 2963 1021 3036 monumenta-nummum
1046 2947 1283 3036 auctoritati
1299 2950 1568 3036 anteferenda
1585 2948 1760 3061 putavit,
1782 2948 1838 3032 ad
1853 2943 1969 3031 istud

403 3119 447 3174 se
465 3087 667 3206 judicium
685 3089 929 3175 necessitate
952 3087 1217 3202 compulsum
1232 3085 1359 3196 vidit,
1385 3089 1483 3202 quia
1507 3089 1607 3173 alios
1628 3113 1780 3172 numos
1803 3085 1851 3170 in
1867 3110 1970 3170 con-

402 3226 541 3309 silinm
559 3254 644 3308 non
669 3223 881 3333 adhibuit,
912 3227 992 3310 nisi
1012 3253 1117 3340 quos
1138 3227 1192 3308 ab
1213 3227 1400 3334 oceane,
1429 3239 1473 3312 et
1488 3225 1764 3310 Mediobarbo
1785 3223 1968 3335 descrip-

403 3376 467 3446 tos
491 3359 652 3472 reperit
688 3359 815 3472 Atqui
842 3361 984 3447 testari
1020 3361 1109 3474 ipse
1133 3389 1337 3473 possum‚-
1366 3358 1450 3477 qu'o
1482 3375 1670 3476 tempore
1694 3362 1748 3446 ad
1761 3359 1968 3450 ,ordinan-

405 3499 501 3600 dos,
535 3494 882 3611 explicandosque
901 3502 1186 3612 Augustorum
1205 3527 1356 3584 nrtmas
1379 3501 1558 3612 accessi,
1584 3529 1682 3585 cum
1706 3497 1856 3586 eodem
1874 3497 1968 3582 Me·

403 3609 595 3739 ¹diobarbi
627 3633 813 3748 catalogo
839 3619 1023 3736 nondum
1037 3643 1041 3652 '
1055 3635 1155 3722 satis
1181 3638 1395 3752 explorata
1425 3641 1516 3753 ejus
1544 3651 1691 3724 natura
1723 3635 1787 3722 nti
1810 3635 1969 3748 incipe·

404 3799 516 3879 rem,
541 3771 651 3857 sensi
669 3801 738 3858 ane
756 3773 914 3887 laqueis
931 3772 1117 3887 undique
1133 3774 1361 3884 irretitum,
1391 3802 1445 3860 ex
1469 3775 1620 3890 quibus
1650 3804 1719 3860 me
1745 3788 1868 3860 antea
1894 3801 1969 3859 ex·

408 3907 549 4022 pedire
585 3938 671 3994 non
706 3909 853 4024 potui,
900 3939 1027 4026 quam
1066 3941 1145 4026 ego
1176 3911 1338 3997 fallacia
1373 3943 1424 3998 ea
1455 3913 1694 4000 testimonia
1721 3926 1966 4028 aspernante

408 4047 531 4142 unius
548 4046 684 4131 musei
703 4049 895 4135 Caesarei
912 4077 1077 4156 numos,
1096 4049 1295 4164 aliosque,
1325 4079 1429 4167 quos
1450 4081 1481 4135 a
1494 4052 1593 4142 viris
1612 4053 1695 4138 lide
1718 4051 1852 4167 dignis
1875 4051 1970 4138 vul-

409 4199 524 4300 gatos
555 4210 775 4294 noveram,
813 4169 1067 4300 sequendos,
1106 4185 1420 4304 audiendosque
1445 4189 1555 4276 duxi
1595 4190 1708 4306 Ergo
1727 4192 1968 4304 quicunque

408 4320 676 4438 explicandae
694 4335 893 4410 monetae
906 4325 1144 4438 Angusteae
1164 4325 1280 4413 dabit
1292 4314 1493 4441 operam,
1522 4339 1686 4414 tantum
1713 4327 1867 4444 jubebo
1890 4325 1968 4410 dif-

410 4461 537 4546 lidere
566 4459 863 4566 Mediobarbo,
897 4474 1101 4573 quantum
1123 4463 1312 4570 Goltzie,
1342 4493 1440 4550 cum
1466 4458 1575 4551 inim
1602 4476 1830 4582 utrumque
1853 4464 1970 4550 aliud

411 4599 631 4684 discrimen
641 4591 732 4686 non
749 4599 968 4714 reperiam,
998 4597 1078 4682 nisi
1097 4600 1515 4712 quodMediobarbus
1533 4604 1712 4690 nimium
1729 4633 1857 4718 saepe
1879 4631 1971 4690 cre·

358 4781 363 4792 ι
411 4725 555 4844 dulus,
595 4747 716 4849 saepe
742 4738 868 4838 etiam
897 4737 1034 4820 minus
1060 4740 1419 4844 attemptans
1434 4755 1575 4826 tamen
1600 4743 1682 4828 fide
1712 4771 1862 4828 numos
1896 4757 1972 4829 aut
