4267 5500
738 605 913 681 thlA
942 608 1136 684 ΤΙΤῙῬ.

716 918 894 984 17n1A
946 920 1070 987 TIT!
1116 924 1152 987 Ε

203 1096 271 1158 Τίιί
292 1118 334 1159 ex
357 1094 479 1158 Marcia
497 1094 645 1158 Fornilla
664 1098 731 1159 lilia
753 1102 793 1181 ¹).
824 1103 907 1164 Eam
964 1124 1040 1169 man
1064 1106 1208 1169 nondum
1231 1113 1342 1198 reperi
1361 1113 1395 1173 in
1416 1118 1504 1179 onrni
1524 1126 1710 1211 antiquitate

160 1214 256 1281 pater
281 1195 441 1279 virginem
461 1198 650 1260 Domitiano
673 1197 767 1262 traua·
787 1200 822 1261 in
842 1224 908 1265 nsu-
960 1216 1083 1268 testem
1100 1208 1282 1290 sincerum,
1302 1214 1357 1301 qui
1373 1216 1487 1281 Iuliam
1504 1239 1647 1302 nostram
1664 1230 1711 1291 sl·

159 1298 348 1361 trimnninm
377 1297 513 1379 obtulit;
545 1297 633 1384 quod
657 1320 733 1365 cum
757 1302 785 1366 is
811 1323 906 1367 reon·
924 1306 934 1320 ⁸
954 1298 1035 1368 'tero
1053 1308 1185 1373 nomine
1206 1314 1365 1378 Sabinam
1383 1322 1581 1403 appellaret,
1602 1350 1710 1413 nequo

161 1413 264 1464 nasset
287 1398 456 1465 devinctus
477 1400 642 1465 Domitiae
666 1396 806 1487 nuptiis,
837 1405 905 1468 col·
962 1407 1177 1491 scriptorem,
1197 1434 1306 1499 neque
1326 1418 1478 1498 numum‚'
1501 1446 1608 1510 neque
1629 1452 1712 1493 mar.

160 1503 266 1565 locata
287 1501 349 1563 luit
369 1501 485 1565 Flavio
509 1500 648 1579 Sabino,
670 1504 741 1567 lilio
765 1506 806 1571 Τ.
830 1504 905 1569 Fla·
962 1528 1046 1572 mor.
1078 1512 1234 1597 Vulgavit
1263 1518 1396 1602 quidem
1419 1525 1617 1591 Muratorius
1645 1554 1712 1595 mo·

157 1604 203 1667 vii
235 1604 346 1667 Sabini
376 1602 486 1665 fratris
515 1603 726 1687 Vespasiani,
762 1609 904 1689 patrueli
961 1624 1152 1675 numentum
1174 1630 1287 1696 vetus,
1311 1620 1345 1681 in
1370 1644 1434 1708 quo
1460 1624 1583 1711 legitur
1601 1609 1742 1695 sanis

159 1705 243 1783 Titi,
272 1727 309 1769 ac
331 1704 511 1769 Domitiani
531 1704 575 1789 b).
605 1708 733 1775 Verum
762 1708 818 1772 vix
845 1730 903 1771 nn·
960 1712 1032 1776 Nn.
1059 1712 1182 1793 Ave„
1219 1719 1308 1801 quod
1333 1722 1391 1785 ille
1418 1747 1538 1791 nomen
1563 1733 1711 1817 reliquae

158 1822 246 1891 ptam
284 1807 361 1873 vivo
397 1806 503 1871 adhue
544 1820 637 1890 patre
676 1806 902 1875 ardentissime
960 1812 1181 1907 inscriptionis
1202 1838 1297 1883 censa
1317 1824 1446 1887 nonnisi
1467 1828 1569 1919 Iuliae
1586 1836 1653 1897 Titi
1671 1838 1709 1899 F.

157 1909 269 1994 coepit
298 1907 450 1993 diligere.
494 1910 628 1971 Mortuo
658 1908 754 1986 Tito,
792 1931 905 1976 caeso·
959 1916 1138 1979 convenire
1160 1920 1322 1984 existimat
1336 1918 1380 2007 Ι1).
1404 1921 1529 1991 Verum
1549 1934 1710 2017 epigram.

157 2029 221 2097 qna
243 2012 469 2098 periniquum
487 2022 691 2096 praetextum
712 2012 828 2079 marito
848 2015 904 2077 Sa·
960 2036 1011 2077 mn
1035 2016 1124 2079 istud
1150 2020 1251 2105 magis
1279 2036 1329 2087 est
1354 2028 1522 2109 mutilum,
1553 2056 1649 2117 quam
1676 2053 1711 2099 ut

154 2112 254 2190 hino,
286 2132 425 2199 cumque
453 2136 472 2176 a
499 2112 643 2177 Domitia
676 2134 733 2177 sua
764 2130 903 2199 prepter
957 2118 1186 2183 auctoritatem
1210 2122 1322 2187 lanera
1349 2148 1412 2210 per
1439 2152 1474 2195 se
1499 2134 1613 2217 possit.
1649 2139 1708 2205 Vl-

154 2213 393 2278 adulteriorum
427 2214 593 2279 infamiam
632 2214 776 2278 animum
811 2238 903 2282 aver·
959 2230 1010 2279 tra
1041 2217 1076 2279 in
1107 2218 1189 2285 hano
1220 2244 1348 2289 causam
1379 2251 1453 2293 curn
1485 2233 1706 2321 inquirerem,

152 2316 266 2394 sisset,
298 2338 366 2380 non
392 2318 529 2401 amplius
554 2331 642 2381 tecte
666 2336 742 2380 oum
766 2339 804 2382 ea
824 2338 903 2381 non·
959 2320 1108 2402 oomperi
1132 2321 1290 2407 denique,
1320 2329 1457 2397 Sabinae
1479 2335 1566 2399 istud
1588 2359 1709 2402 nomen

152 2418 278 2496 suerit,
300 2419 360 2482 sed
378 2433 490 2504 aperte
509 2416 611 2495 adeo,
632 2432 670 2482 ut
689 2433 818 2496 essent,
846 2420 902 2503 qui
957 2440 1003 2483 ex
1021 2421 1144 2485 Goltzii
1162 2423 1333 2491 Thesauro
1350 2432 1384 2492 in
1400 2436 1606 2499 eruditorum
1621 2460 1709 2503 annu.

153 2518 348 2601 crederent,
376 2521 478 2586 luisse
502 2542 563 2585 eos
590 2541 671 2587 vero
694 2520 900 2584 matrimonio
959 2524 1136 2587 mensarios
1153 2524 1301 2606 linxisse,
1321 2535 1377 2617 qui
1391 2556 1476 2598 unus
1495 2540 1654 2616 omnium,
1672 2564 1708 2606 ac

152 2624 364 2706 conjunctos,
394 2637 428 2686 et
452 2636 592 2687 testetur
613 2622 831 2686 Philostratus
855 2623 901 2703 θ),
960 2624 1050 2687 solus
1075 2646 1191 2689 numos
1214 2642 1282 2693 tros
1305 2634 1417 2699 Iuliae
1437 2636 1581 2703 Sabinae
1606 2644 1709 2704 nomi·

152 2737 330 2811 eapropter
359 2724 515 2810 nuptialia
548 2749 639 2791 saura
668 2724 794 2810 Ephesi
824 2721 904 2817 puh·
959 2744 1003 2788 ne
1022 2724 1196 2811 inscriptos
1216 2731 1370 2817 vulgavit.
1400 2736 1485 2804 Vide
1505 2738 1611 2804 simile
1630 2740 1708 2806 Gol-

151 2826 217 2890 liae
242 2826 344 2891 luisse
368 2827 598 2910 celebrated).
641 2828 685 2889 ht
713 2825 801 2888 enim
831 2825 903 2908 ipse
959 2825 1020 2888 tzii
1038 2827 1228 2910 ligmentum
1253 2835 1430 2916 repetitum
1449 2839 1485 2899 in
1508 2841 1627 2906 Sabina
1645 2847 1707 2907 lla·

151 2929 291 2992 amasius
309 2950 406 2994 eausa
422 2929 695 3005 matrissantes,
720 2947 796 2992 enm
810 2944 907 3008 prae-
962 2926 1068 2990 siriani
1087 2949 1202 2994 uxore.

152 3043 307 3116 guantem
333 3051 406 3117 epm
431 3035 597 3116 coegisset
620 3044 752 3094 uterum
783 3026 903 3108 abjice·
1002 3027 1236 3094 observandus
1261 3029 1295 3090 in
1321 3033 1421 3100 lullae
1448 3042 1554 3104 nnmis
1582 3041 1707 3126 duplex

152 3155 191 3197 re
212 3137 254 3216 ⁰).
283 3133 401 3220 Fuisse
427 3133 547 3219 dictam
569 3135 749 3218 Angustam
767 3152 785 3193 a
806 3129 900 3208 Tito,
954 3129 1072 3213 eapitis
1098 3131 1214 3196 cultus.
1244 3133 1281 3193 ln
1305 3133 1376 3198 aliis
1399 3139 1508 3203 crines
1533 3147 1704 3226 compositi

151 3249 375 3300 consecratam
393 3235 635 3312 aDnmitiano‚
659 3233 750 3296 numi
769 3231 899 3296 donent.
957 3246 1032 3294 sunt
1049 3251 1161 3310 more,
1187 3254 1284 3318 quem
1303 3237 1408 3306 tenuit
1431 3255 1565 3328 utraque
1585 3247 1702 3330 Agrip·
1745 3273 1759 3294 κ

150 3337 204 3399 De
236 3358 322 3402 anno
353 3337 546 3414 nativitatis,
590 3357 628 3401 aa
664 3334 798 3398 mortis.
816 3333 898 3395 nihil
955 3331 1048 3415 pina,
1070 3333 1157 3396 nodo
1172 3334 1205 3396 in
1221 3335 1343 3399 collum
1359 3354 1450 3405 retro
1467 3344 1649 3428 pendente3
1667 3349 1702 3408 iu

150 3439 236 3503 oerti
265 3453 402 3510 oonstat.
436 3439 474 3501 ld
504 3460 602 3502 unum
630 3437 756 3502 notavit
784 3436 900 3498 Sueto·
956 3433 1173 3500 aliisaocedit
1197 3434 1409 3520 admoram,
1435 3465 1534 3528 quern
1552 3447 1703 3512 observa.

149 3541 225 3604 nius
252 3539 297 3621 s),
334 3540 433 3604 nntsli
463 3539 550 3610 filiae
579 3562 655 3605 suae
688 3564 707 3604 a
739 3542 815 3610 Tito
849 3554 901 3598 ca·
957 3535 1079 3598 musin
1095 3537 1201 3599 numia
1214 3539 1382 3620 Plotinae,
1399 3557 1433 3606 et
1447 3547 1623 3626 sociarum,
1643 3552 1703 3612 nri·

149 3657 222 3724 ptas
242 3641 511 3727 Hierosolyma,
533 3641 622 3730 quod
641 3647 759 3712 accidit
780 3649 834 3716 die
858 3651 898 3714 ll.
960 3637 1051 3702 nium
1070 3638 1160 3702 uultu
1179 3651 1343 3724 turgente.
1542 3645 1547 3656 ⁶

151 3730 357 3826 Septembris
378 3747 432 3827 κ).Ι

192 3845 460 3927 Passim'vinw,
486 3862 552 3911 lam
580 3848 621 3912 ab
647 3849 813 3917 historicis
838 3875 897 3920 nn·
937 3843 941 3848 ⁷

150 3963 237 4014 strae
277 3949 408 4028 aetatis,
455 3972 550 4036 qnam
587 3952 775 4040 antiquariis
812 3955 896 4022 hano
1539 4049 1542 4058 ‚

151 4051 218 4116 Titi
241 4051 341 4117 liliam
364 4050 430 4115 dici
447 4049 561 4116 luliam
582 4055 750 4133 Sabinam,
774 4073 808 4121 et
830 4081 899 4123 sae·
1105 4063 1238 4130 tvtll.
1261 4063 1481 4136 AVGvsTs.
1504 4073 1603 4136 ΤΙΤΙ.
1626 4073 1701 4142 AV·

150 4173 193 4236 pe
215 4153 376 4232 mirabar,
392 4151 524 4219 'fictum
546 4155 632 4218 istud
653 4181 673 4220 n
693 4157 774 4223 viris
792 4149 828 4221 in
850 4159 900 4222 hi·
1106 4163 1249 4232 GVSTl.
1272 4167 1310 4228 F.
1336 4169 1442 4247 Hujus
1464 4187 1575 4254 caput.

151 4256 252 4318 storia
283 4255 397 4320 critica
426 4256 525 4340 primi
558 4259 721 4348 snbsellii,
758 4280 899 4345 quorum
923 4291 939 4324 .·
955 4263 1115 4332 VENVS.
1146 4266 1336 4336 Avnvs‘r.
1388 4273 1501 4335 Venus
1529 4277 1701 4362 seminuda

151 4355 278 4440 agmina
305 4378 500 4422 enumerare
528 4361 664 4446 longum
691 4361 792 4430 leret.
837 4365 897 4426 'la-
954 4385 1073 4429 eversa
1086 4381 1182 4430 stans
1199 4391 1225 4432 s.
1244 4371 1391 4462 kastam,
1409 4385 1443 4434 ot
1461 4375 1563 4435 simul
1578 4375 1701 4438 colum·

189 4551 220 4619 a)
240 4548 538 4614 sustinuisses.
561 4559 566 4569 ·
640 4551 676 4625 s)
697 4553 777 4610 sua.
795 4555 826 4611 sn
839 4555 948 4611 noma.
968 4574 992 4612 c.
1008 4569 1054 4616 υ.
1111 4535 1117 4555 “
1156 4557 1302 4614 iussas
1317 4556 1377 4618 va.
1393 4558 1493 4638 spor.
1509 4561 1542 4618 n.
1557 4563 1622 4622 vu.
1639 4585 1665 4625 c.
1679 4551 1731 4628 a(

155 4637 265 4712 e)l.e.
367 4639 873 4714 d)8uat.in1)omit.arostaa
892 4645 1203 4719 niou.txvl1.§.s.
1267 4649 1334 4720 ἐ)
1355 4649 1435 4707 Suet.
1451 4649 1481 4705 in
1495 4651 1604 4710 Doluit.
1621 4673 1646 4710 c.
1658 4667 1703 4716 22.

153 4729 479 4808 ettnapisntdvnr.
580 4732 815 4802 Oin'l'ituns⁸
915 4735 1052 4810 mlieris
1067 4735 1313 4813 Epoch.Syrom.
1372 4739 1553 4810 ¹h)Thes.
1571 4743 1705 4820 inscript.

155 4839 184 4894 p.
199 4832 262 4892 ota.
280 4834 323 4881 ιο.
1224 4843 1228 4852 ’
1330 4839 1333 4850 ’

997 3887 1102 3954 Numi
1120 3891 1230 3953 Iuliae
1257 3893 1438 3975 imperante
1464 3847 1539 3963 Tito
1565 3905 1703 3984 egnati.
