4267 5500
450 590 497 655 ῃ
934 648 936 655 Α
1010 609 1013 619 ·
1056 560 1108 633 Μ.
1143 556 1390 636 BRVTVS.

456 744 545 805 llaec
562 739 595 801 in
612 756 737 825 genere
755 734 795 801 ad
813 732 996 819 descriptos
1014 728 1201 796 licernes
1257 728 1300 794 de
1322 728 1537 793 macilentam.
1566 727 1613 791 Et
1632 726 1689 792 tali
1709 725 1811 793 fnisse
1832 746 1909 792 enm
1930 746 2004 791 cor·

454 843 550 909 inere
573 835 793 915 observanda,
820 834 1053 903 descendamus
1075 832 1117 898 nd
1137 833 1201 896 ain·
1257 832 1349 916 poris
1388 830 1518 908 habitu,
1564 830 1665 915 ipsius
1701 830 1851 896 Caesaris
1891 829 2007 897 verbis

454 946 561 1033 gulas.
1257 933 1487 1017 comperimus.
1522 930 1605 995 Nam
1633 952 1706 996 cum
1728 933 1770 997 ad
1790 954 1866 997 enm
1893 932 2008 997 deser·

502 1049 643 1109 'Nemus
672 1040 766 1127 prior
794 1039 871 1103 hine
901 1051 997 1125 caput
1025 1038 1066 1103 L.
1088 1035 1201 1116 Bruti,
1256 1020 1374 1102 rentur
1402 1037 1450 1100 M.
1472 1032 1651 1112 Antonias,
1684 1044 1719 1099 et
1744 1034 1938 1114 Dolabella,
1968 1046 2006 1097 nt

455 1148 534 1214 inde
550 1146 675 1211 Ahalae
698 1140 814 1219 offert,
836 1161 919 1227 qnae
941 1140 1010 1225 ipsa
1032 1139 1201 1224 utriusque
1226 1216 1232 1225 ¹
1258 1136 1316 1225 qui
1340 1135 1441 1202 rebus
1466 1136 1559 1200 noris
1584 1135 1774 1215 studerent,
1802 1136 1945 1221 negabat
1966 1134 2006 1198 ti·

457 1250 571 1337 capitis
591 1248 729 1311 societas
749 1263 865 1307 numos
885 1244 946 1305 hos
962 1241 1039 1305 hnic
1057 1218 1104 1307 M:
1119 1242 1203 1304 Bru·
1258 1258 1352 1303 mere
1373 1257 1447 1303 sese
1470 1235 1588 1301 obesos
1606 1238 1699 1314 illos,
1720 1250 1755 1300 et
1770 1238 1923 1315 crinitos,
1944 1235 2006 1302 sed

457 1366 491 1417 to
519 1350 641 1415 invicte
668 1338 820 1413 vindicat.
861 1345 960 1423 Nam,
992 1353 1029 1405 ut
1056 1362 1120 1426 per
1148 1363 1203 1425 pa·
1257 1340 1398 1428 pallidos
1435 1338 1514 1419 hos,
1553 1352 1589 1405 et
1621 1338 1829 1417 macilentos,
1865 1340 2006 1402 Brutum

455 1468 541 1519 trem
562 1449 603 1515 ad
622 1450 661 1514 L.
677 1449 820 1527 Brutum
835 1464 939 1531 genua
957 1464 1051 1507 sunm
1071 1442 1203 1507 referre
1259 1457 1296 1509 et
1322 1440 1468 1508 Cassiam
1502 1454 1617 1506 uotam
1641 1440 1683 1522 ο).
1723 1440 1866 1504 Barbam
1903 1440 2008 1503 modi·

458 1551 673 1624 credebatur,
704 1548 748 1611 ita
774 1565 839 1629 per
864 1558 1001 1609 matrem
1028 1543 1203 1611 Serviliam
1260 1564 1332 1611 cam
1361 1541 1535 1628 adpendit,
1569 1539 1723 1605 nimirum
1754 1556 1892 1627 propter
1921 1542 2006 1627 reip.

459 1653 634 1721 Servilium
665 1648 803 1712 Ahalam
832 1646 866 1709 in
897 1647 999 1731 certia
1028 1646 1205 1730 majoribus
1262 1646 1478 1712 calamitatem
1502 1641 1637 1722 sordes,
1668 1657 1702 1707 et
1724 1644 1912 1728 squalorem
1932 1666 2009 1730 pro·

456 1754 590 1832 ,habitin
620 1752 675 1836 qui
702 1764 736 1815 et
761 1752 833 1835 ipse
860 1750 918 1835 Sp.
940 1747 1079 1812 Helium
1099 1762 1207 1832 sprau-
1261 1747 1389 1827 fessas,
1411 1746 1454 1813 de
1476 1766 1541 1833 quc
1562 1765 1657 1813 more
1677 1746 1773 1831 plura
1793 1745 1956 1810 disseram
1976 1747 2011 1808 in

458 1857 572 1921 sidem
592 1854 806 1919 adfectantem
829 1849 963 1935 propria
986 1870 1084 1915 maen
1105 1852 1206 1914 inter·
1264 1862 1393 1914 moneta
1421 1846 1561 1933 Augusti
1591 1846 1631 1911 ad
1660 1868 1779 1910 annum
1809 1849 1850 1917 V.
1872 1849 1913 1913 C.
1933 1869 2009 1931 7¹7·

459 1958 548 2023 iecit.
565 1954 652 2026 Vide
666 1956 879 2019 Plutarchum
892 1954 932 2036 ¹).
953 1951 1129 2017 Praeclare
1147 1973 1206 2015 an-
1263 1954 1419 2017 Ceternm
1450 1950 1571 2013 mirum
1600 1948 1769 2030 rideatur,
1806 1948 1878 2031 ejus
1913 1960 2014 2033 caput

459 2082 548 2125 mum
569 2060 656 2122 hunc
677 2057 819 2142 explicat
835 2054 955 2119 Cicero
975 2053 1086 2121 verbis
1107 2075 1206 2138 supra
1262 2055 1388 2119 illatam
1407 2065 1576 2130 monetae,
1598 2050 1655 2137 qui
1671 2050 1831 2115 libertatis
1848 2072 1922 2116 aeae
1942 2054 2013 2117 rin·

459 2159 612 2225 laudatis:
645 2158 771 2223 Brutos
794 2176 855 2239 ego
879 2156 1099 2240 impellerem
1129 2175 1208 2236 quo·
1264 2155 1374 2221 dicens
1400 2154 1568 2241 propalam
1595 2152 1740 2230 serebat,
1771 2151 1902 2237 wando
1922 2151 2012 2215 istud

461 2283 535 2326 rum
558 2274 694 2341 uterque
716 2260 758 2327 L.
772 2258 877 2322 Bruti
896 2258 1078 2339 imaginem
1099 2259 1209 2338 quoti·
1263 2257 1371 2323 libers
1385 2278 1459 2343 rep.
1474 2276 1638 2343 nunqnam
1655 2254 1718 2317 fuit
1730 2255 1946 2338 permissum,
1967 2268 2013 2325 at·

461 2364 515 2427 die
529 2362 673 2437 videret,
693 2361 780 2424 ulter
794 2358 941 2443 (Murcus
955 2357 1087 2440 noster)
1104 2360 1207 2422 etiem
1265 2380 1329 2447 qne
1358 2357 1445 2421 istud
1473 2355 1606 2422 demum
1627 2358 1653 2423 1.
1676 2356 1809 2421 Caesari
1834 2356 1925 2420 inter
1954 2357 2013 2417 im·

468 2462 627 2527 Ahalae?
1266 2460 1416 2525 modicos
1444 2458 1526 2523 alios
1555 2472 1731 2543 congestos
1759 2448 1920 2524 honores.
1955 2457 2014 2525 Vi·

525 2562 651 2625 Nnmus
676 2561 761 2625 alter
781 2558 959 2646 imaginem
978 2560 1099 2625 iterum
1119 2574 1211 2627 vete·
1267 2560 1341 2627 deri
1361 2574 1488 2646 posset,
1509 2559 1718 2646 imprudente
1738 2558 1826 2623 istud
1841 2561 1947 2623 Brato
1968 2572 2016 2622 st·

463 2664 510 2727 ris
531 2661 627 2748 hujus
643 2661 739 2724 Bruti
757 2659 937 2746 adscripto:
960 2663 1000 2728 L.
1018 2663 1208 2731 BRVTVS.
1266 2677 1425 2729 tentatum
1450 2661 1491 2744 ab
1518 2662 1590 2748 ejus
1616 2662 1750 2749 legatis,
1781 2681 1922 2748 quorun
1944 2660 2019 2745 ple·

337 2825 340 2830 Α
462 2767 582 2828 Putre.
606 2762 719 2840 COS.,
751 2777 785 2827 et
810 2763 926 2827 tertius
957 2763 1105 2848 ejusdem
1132 2785 1211 2849 pro-
1267 2786 1406 2853 ramque
1427 2766 1558 2829 nomina
1584 2766 1654 2849 ejas
1682 2778 1832 2828 monetae
1855 2765 2016 2848 inscripta

465 2888 593 2933 cessum
621 2865 827 2950 consularem
854 2864 948 2931 sistit.
983 2868 1132 2953 Vterque
1162 2880 1211 2950 ty·
1266 2869 1432 2952 leguntur.
1460 2867 1504 2930 At
1520 2866 1548 2930 si
1565 2865 1648 2930 fides
1664 2865 1779 2944 Dioni,
1802 2865 1898 2949 cujus
1912 2865 2015 2932 rerba

463 2989 525 3054 pus
545 2966 585 3034 ad
604 2979 812 3053 praesentem
828 2964 914 3052 reip.
931 2980 1048 3032 statum
1067 2965 1192 3033 adludit
1199 2988 1210 3049 3
1267 2969 1352 3032 inira
1372 2968 1535 3046 recitabo,
1556 2969 1676 3032 lactum
1696 2967 1784 3032 istud
1800 2966 1953 3047 volente,
1975 2987 2014 3032 ac

464 3089 604 3155 namque
622 3081 658 3133 ut
674 3070 716 3136 L.
730 3071 851 3132 Brutus
865 3068 969 3155 pulsis
985 3069 1121 3157 regibus
1139 3071 1210 3155 ipse
1267 3069 1491 3157 praecipiente
1508 3071 1625 3136 Bruto.

465 3175 616 3234 retatus
637 3171 784 3234 conset
802 3172 882 3248 luit,
909 3192 1048 3258 eumque
1071 3170 1211 3236 cumuli·
1331 3174 1525 3235 lMPerntor
1539 3170 1574 3233 in
1593 3169 1711 3235 eodem
1727 3169 1883 3250 denario,
1899 3184 1934 3235 et
1950 3170 2017 3235 fre·

464 3273 528 3364 bns
555 3270 742 3335 libertatem
773 3269 914 3348 invexit,
948 3271 992 3335 ita
1020 3275 1211 3369 M3Brutus
1269 3287 1410 3360 quenter
1436 3272 1515 3336 alies
1543 3272 1743 3339 inscribitur.
1779 3273 1861 3355 Ejus
1885 3277 2016 3361 accepti

465 3389 563 3436 caeso
586 3370 745 3435 dictatore
767 3384 915 3434 veterem
942 3371 1133 3457 dignitatem
1159 3393 1212 3438 re·
1269 3376 1356 3440 tituli
1385 3389 1420 3440 et
1449 3387 1595 3460 tempus,
1635 3389 1668 3439 et
1703 3396 1832 3440 cauam
1867 3376 2017 3460 prodidit

468 3471 589 3550 stituit,
611 3484 646 3534 et
665 3493 729 3535 una
750 3471 833 3556 reip.
850 3471 1053 3553 libertatem,
1075 3495 1158 3560 quae
1176 3475 1213 3537 in
1269 3479 1336 3542 Dio
1350 3475 1399 3559 d),
1419 3475 1571 3540 nimirum
1586 3478 1621 3539 ia
1637 3477 1781 3542 Thracas
1797 3480 1923 3544 Bessos
1937 3499 2016 3544 enm

466 3576 506 3664 ll.
528 3595 631 3638 numo
649 3585 726 3657 typo
748 3594 890 3640 coronae
912 3596 1077 3661 quernae,
1098 3577 1132 3639 in
1154 3579 1210 3644 ΙΙΙ.
1268 3579 1473 3665 proiectum,
1488 3599 1563 3642 cum
1577 3593 1617 3643 ut
1630 3601 1743 3644 eorum
1758 3579 1928 3664 maleficia
1946 3583 2017 3644 ein·

464 3679 536 3762 ipso
566 3675 675 3760 eapite
698 3663 876 3741 Libertatis
903 3675 1074 3746 indicatur.
1112 3681 1213 3744 Prae·
1268 3685 1415 3759 dicaret,
1438 3694 1509 3746 tum
1526 3693 1566 3742 ut
1583 3701 1702 3746 nomen
1719 3683 1785 3747 sibi
1800 3683 2019 3765 dignitatem·

467 3780 557 3844 clare
578 3799 713 3844 numum
741 3781 827 3843 bunc
853 3778 996 3844 illustrat
1017 3781 1210 3859 Suetonius,
1268 3803 1332 3864 que
1355 3781 1563 3868 imperatoris
1588 3797 1748 3867 pararet,
1781 3803 1849 3866 quo
1868 3785 2019 3866 facilius

467 3880 524 3968 qni
544 3879 699 3963 perhibet
716 3879 766 3962 1³),
790 3881 871 3945 hanc
893 3883 1075 3947 orationem
1098 3883 1212 3947 &aaa
1266 3897 1386 3950 contra
1410 3885 1585 3949 Caesarem
1611 3895 1647 3948 et
1669 3885 1862 3951 Antonium
1892 3887 2019 3950 hellam

468 3981 514 4044 ris
542 3993 665 4044 statuae
694 3980 796 4046 fuisse
824 3983 1029 4068 inscriptam:
1065 3983 1211 4060 Brutus,
1264 3969 1385 4068 germ
1403 3997 1531 4068 posset,
1561 3999 1596 4048 et
1624 3998 1804 4066 utrumque
1825 3991 2019 4074 pass-cisse.

466 4085 548 4164 quia
564 4101 660 4164 reges
676 4084 788 4162 ejecit,
815 4085 934 4148 consul
948 4088 1080 4168 primus
1090 4087 1213 4170 factus
1270 4085 1457 4150 Secundum
1487 4087 1701 4152 Plutarchum
1732 4088 1804 4172 ipae
1841 4109 1907 4152 una
1944 4109 2020 4154 cunr

466 4197 534 4265 «ιτς
563 4183 621 4245 tte
645 4185 798 4250 consules
824 4185 936 4266 ejecit,
964 4205 1026 4250 rea·
1044 4199 1212 4271 postremo
1270 4187 1381 4253 Cassio
1399 4188 1485 4273 apud
1501 4189 1622 4255 Sardes
1636 4190 1678 4254 ab
1694 4189 1845 4254 exercita
1862 4191 2020 4255 acclama·

455 4289 579 4370 factare
599 4285 675 4348 est(
1270 4303 1322 4356 tna
1344 4303 1396 4354 est
1411 4290 1592 4376 imperator
1607 4293 1648 4374 e).

532 4386 624 4451 Idem
647 4404 764 4466 numus
784 4386 869 4450 alter
887 4388 993 4452 nostri
1014 4409 1145 4474 quoqne
1164 4392 1212 4459 ll.
1331 4395 1447 4457 Restat
1461 4415 1579 4456 numus
1595 4394 1669 4470 lV..
1691 4392 1784 4476 cujus
1803 4392 1939 4477 generis
1954 4417 2020 4458 ma·

467 4487 562 4552 bruti
592 4487 768 4574 imaginem
796 4488 945 4569 exhibet,
981 4511 1119 4574 eamque
1146 4493 1214 4557 vnl-
1270 4514 1334 4579 gna
1360 4509 1512 4580 superest
1539 4495 1651 4581 copia,
1680 4495 1883 4574 notamen,
1912 4511 1949 4560 ut
1968 4519 2017 4560 sr-

502 4711 534 4778 α)
553 4711 692 4770 Inbrutn
709 4713 765 4772 suh
781 4715 843 4775 init.
950 4713 990 4788 b)
1009 4715 1039 4770 in
1055 4715 1184 4772 Caesare
1202 4723 1289 4779 cao.
1401 4721 1433 4790 c)
1451 4715 1854 4779 PlutinCses.lLAnton
1871 4732 1902 4777 et
1917 4719 2016 4776 Bruto.

465 4798 498 4872 d)
518 4799 552 4858 L.
565 4799 681 4860 XLVII.
697 4819 722 4860 e.
737 4815 781 4867 25.
892 4807 924 4879 e)
944 4803 974 4862 in
988 4805 1080 4862 Bruto
1095 4825 1124 4864 e.
1136 4813 1182 4868 bl.
