4267 5500
864 579 1032 657 oeno
1234 522 1239 529 ’
1651 596 1723 687 noo

168 747 217 811 dia
239 745 401 821 maribua,
429 741 626 809 effodiendia
652 744 834 826 montihna,
865 748 913 811 in·
1031 748 1212 832 Vtriusque
1235 747 1423 833 auperlioiei
1439 750 1621 837 epigraphe
1639 774 1713 819 oon·

165 848 250 913 rania
273 845 548 911 anbatrnotiooum
568 846 789 913 moliminibus
805 870 912 915 rener-
969 849 1140 913 nectenda.
1193 852 1304 932 Typua
1339 852 1478 929 indicat,
1515 855 1576 917 bno
1610 854 1715 919 forma

166 964 269 1015 taret.
321 948 406 1013 Satin
435 960 657 1032 compertam,
690 950 828 1015 instante
849 952 914 1035 jam
972 964 1107 1013 atatunm
1125 950 1226 1015 luiaae
1245 953 1371 1015 Neroni
1388 952 1537 1037 potitam.
1569 956 1717 1021 Primum

165 1050 327 1129 Vindice,
349 1064 413 1135 quo
437 1050 573 1115 maxime
599 1064 748 1134 tempore
771 1053 913 1115 consori-
969 1051 1057 1117 iatud
1074 1066 1125 1116 eat
1139 1052 1327 1136 exemplum
1349 1072 1492 1119 coronae
1512 1054 1716 1140 radiataeri·

160 1150 289 1215 bendua
307 1166 395 1215 earet
411 1151 521 1225 milet,
538 1150 613 1215 etin
627 1152 772 1217 rebellea
788 1154 908 1217 dnoen·
967 1155 1002 1220 ai
1029 1154 1237 1237 imperatoria
1274 1154 1371 1237 capiti
1408 1155 1604 1237 imperitae,
1631 1180 1714 1241 qnae

162 1252 242 1329 dua,
274 1251 448 1320 advocatos
486 1252 641 1335 quosdam
671 1274 712 1319 ex
743 1254 906 1339 patribus,
965 1254 1085 1319 deinde
1109 1253 1327 1339 perfrequens
1345 1268 1395 1319 eat
1415 1256 1451 1317 in
1470 1259 1576 1320 antica
1601 1278 1716 1322 numo·

160 1368 321 1419 tranaeota
346 1354 464 1434 raptim
494 1356 715 1419 consulatione
745 1357 904 1441 reliquant
965 1378 1038 1419 rum
1055 1356 1198 1420 Neronia
1212 1357 1254 1420 11.
1271 1354 1410 1419 formae.
1447 1360 1632 1436 l'riatanua,
1658 1360 1714 1443 qui

163 1454 228 1517 diei
247 1470 376 1539 partera
399 1475 461 1537 per
481 1476 601 1539 organa
618 1456 806 1541 hydraulica
819 1460 906 1538 novi,
963 1479 1099 1523 numum
1114 1456 1203 1519 huno
1220 1455 1354 1539 copioae
1370 1459 1545 1524 illnatravit
1567 1461 1618 1543 ο),
1639 1479 1714 1523 cen·
1787 1510 1791 1523 .

159 1568 195 1619 at
216 1556 323 1638 ignoti
346 1556 497 1639 generia,
541 1579 681 1642 qnorum
708 1562 843 1623 sormam
872 1561 906 1623 in
964 1574 1029 1637 aet,
1054 1556 1211 1622 additam
1249 1558 1377 1620 Neroni
1412 1580 1567 1623 coronam
1611 1559 1713 1623 radia·

161 1658 266 1719 numia
289 1658 431 1720 Neronia
457 1658 668 1723 contoruiatia
696 1660 905 1739 intuebimur,
963 1674 1046 1737 tam,
1089 1656 1179 1745 quod
1217 1659 1289 1742 ipae
1324 1660 1472 1745 Apollini
1507 1660 1712 1747 aequiparari

160 1758 434 1853 eirqumduxiaae,
466 1760 733 1845 prolaturumque
756 1783 792 1826 ae
823 1765 905 1830 baec
962 1762 1084 1835 voluit,
1116 1772 1151 1821 et
1177 1777 1296 1821 revera
1325 1745 1405 1824 hnic
1422 1762 1538 1825 cimilia
1559 1775 1624 1825 teau
1644 1764 1712 1826 lor-

160 1860 266 1923 omnia
283 1860 319 1923 in
343 1862 507 1927 theatrum
528 1860 768 1942 adfirmatione,
794 1870 825 1930 si
846 1889 907 1951 por
961 1882 1014 1925 ma
1030 1861 1129 1926 ‚volut
1148 1858 1228 1925 tolia
1257 1861 1452 1941 exorientia,
1487 1884 1583 1947 qnam
1608 1878 1705 1926 cantu

161 1964 337 2031 Vindicem
354 1964 470 2028 liceret
486 1966 526 2045 ¹).
560 1966 657 2027 Arne
680 1968 779 2031 Pacis
803 1969 906 2053 impe.
955 1962 1068 2028 dictur
1090 1975 1143 2026 eat
1159 1982 1183 2024 a
1213 1958 1341 2025 Sennea
1354 1961 1399 2045 d).
1441 1964 1495 2027 nd
1514 1962 1596 2026 baec
1618 1963 1711 2046 quin·

161 2076 254 2129 rante
269 2067 420 2147 Angusto
435 2087 480 2153 en⁸
493 2065 528 2129 S.
543 2066 580 2129 C.
597 2066 736 2149 primum
752 2072 906 2133 constitn-
963 2086 1027 2149 que
1057 2062 1161 2126 millia
1191 2060 1349 2140 militurn,
1386 2084 1469 2148 quoa
1501 2063 1707 2146 Auguatanoa

162 2178 232 2241 tae,
249 2180 286 2227 et
301 2178 375 2247 post
394 2164 639 2249 quadriennium
657 2166 823 2253 dedicatae
840 2192 904 2235 nae·
962 2164 1115 2242 vocabat,
1152 2162 1337 2242 conatituit,
1367 2167 1424 2250 qui
1449 2166 1482 2228 ei
1510 2166 1546 2227 in
1575 2167 1705 2228 theatro

163 2266 327 2329 reinerum
346 2266 575 2330 Kalendariutn
593 2266 847 2351 Amiterninam,
871 2286 905 2336 et
960 2268 1090 2330 canenti
1111 2263 1352 2329 adclamabant:
1382 2266 1568 2347 opulorum
1586 2266 1705 2329 Coean-

161 2368 428 2445 Praeneatinum,
451 2384 484 2433 et
502 2368 640 2435 Ovidius
654 2367 698 2455 b),
889 2416 892 2425 ,
960 2370 1049 2431 rem!
1064 2390 1085 2429 o
1102 2366 1321 2449 Apollinem!
1345 2386 1364 2425 o
1379 2387 1481 2427 unum
1499 2366 1604 2427 veluti
1622 2367 1707 2445 Pny-

961 2469 1092 2531 tlu'um!
1105 2469 1135 2550 )
1167 2468 1211 2529 At
1225 2486 1293 2529 non
1309 2466 1480 2543 eniatimo,
1501 2466 1627 2529 Neroni
1642 2466 1707 2529 boo

157 2570 199 2631 Ι).
313 2519 448 2635 NERO.
463 2570 645 2639 CAESAR.
657 2572 902 2643 AVGVSTVS.
959 2566 1062 2633 decue
1078 2589 1137 2633 aea
1151 2592 1172 2633 a
1188 2568 1315 2632 formae
1334 2568 1504 2653 opinione,
1526 2586 1588 2630 aeu
1617 2567 1707 2629 tbea·

308 2668 416 2748 Caput
429 2670 627 2739 laureatum.
960 2682 1088 2733 trorum
1117 2671 1249 2734 licentia
1272 2669 1421 2756 petitum.
1471 2669 1539 2732 Cur
1557 2666 1645 2731 enim
1673 2668 1707 2729 in

159 2769 371 2840 AVGVSTV
373 2771 407 2836 S.
425 2771 644 2840 avasnn.
665 2777 843 2858 Augustos
856 2787 905 2836 to·
960 2773 1084 2850 numia,
1126 2772 1160 2834 in
1189 2771 1306 2855 quibua
1338 2772 1397 2835 ilie
1426 2771 1516 2833 omni
1543 2769 1706 2854 Apollinia

153 2887 257 2954 gutna
270 2877 383 2955 oopite
393 2875 526 2936 radiato
540 2879 679 2938 stonad,
689 2891 857 2959 poteram,
876 2897 903 2940 a.
961 2873 1143 2938 citharoedi
1171 2871 1261 2935 cultu
1282 2872 1422 2945 incedit,
1456 2870 1552 2954 bujaa
1577 2871 1705 2935 formae

159 2973 305 3049 hortum,
319 2976 377 3035 cui
392 2975 617 3038 odatotLt‘vio
626 2977 904 3058 Augustocopite
961 2995 1084 3038 corona
1106 2973 1268 3039 abstinet?
1297 2975 1350 3034 An
1372 2991 1454 3036 vero
1468 2970 1566 3034 etiam
1581 2972 1705 3054 Veapa·

158 3077 270 3138 relato
287 3077 487 3153 dputerom,
503 3098 530 3140 a.
543 3077 903 3160 dnplcroornucopioe.
962 3077 1070 3140 alanna
1083 3121 1102 3151 ,.
1136 3073 1295 3137 Antonius
1324 3073 1421 3149 Pina,
1473 3076 1518 3134 bl.
1547 3072 1702 3140 Aurelio·

159 3173 233 3244 AV.
246 3175 320 3236 ΑΒ.
339 3175 437 3254 (Mur.
455 3177 563 3258 Gaea.)
958 3177 1115 3244 volebant
1143 3175 1249 3241 videri
1276 3174 1400 3260 pulcri,
1436 3172 1703 3248 autoitbnroedi,

218 3277 389 3358 bugnatua
405 3288 440 3338 et
454 3277 546 3341 Liria
561 3277 594 3340 in
608 3278 679 3342 aliia
694 3297 823 3362 qnoque
837 3277 903 3340 Ne·
956 3279 1112 3365 quoniam
1130 3292 1163 3339 et
1182 3276 1217 3338 bi
1228 3277 1334 3361 capite
1347 3275 1472 3340 radiato
1492 3276 1702 3359 comparent?

154 3377 247 3442 ronia
271 3389 306 3440 et
322 3375 522 3462 Agrippinae
545 3379 651 3443 numia
672 3400 739 3442 non
765 3379 900 3442 maltum
958 3393 1014 3443 aut
1049 3378 1238 3464 praeclaret
1269 3378 1347 3454 boa,
1378 3377 1567 3462 proboaque
1593 3380 1705 3461 Augu-

152 3477 295 3542 abaimili
321 3477 412 3540 cultu
435 3479 494 3540 aed
520 3481 673 3546 aedentea
688 3481 722 3542 in
748 3481 901 3563 elephan·
958 3495 1024 3544 atoa
1050 3481 1193 3545 voluiaae
1214 3479 1278 3543 aibi
1299 3478 1417 3558 deone,
1442 3479 1586 3554 Neroni,
1610 3479 1701 3560 oujna

151 3593 263 3644 torum
284 3579 450 3662 quadrigis
469 3597 708 3666 proponantur,
724 3581 766 3646 de
784 3580 898 3666 quibua
956 3581 1201 3646 detestabantur
1209 3582 1418 3656 memoriam,
1434 3603 1453 3642 a
1464 3581 1618 3642 viliaaima
1629 3599 1702 3641 oan-

153 3683 210 3768 egi
222 3702 321 3764 aupra
337 3679 370 3740 in
386 3695 517 3746 moneta
530 3683 742 3770 Agrippinae.
954 3701 990 3746 aa
1011 3697 1137 3766 partam
1167 3682 1315 3749 adderet
1365 3679 1558 3744 Tenendum
1588 3679 1699 3762 igitur,

955 3784 1117 3866 placuisse
1146 3784 1272 3848 Neroni
1306 3781 1473 3846 bominum
1511 3779 1695 3855 vaniaaimo,

150 3885 189 3948 F.
312 3881 447 3950 NERO.
475 3883 656 3953 CAESAR.
700 3887 806 3970 Caput
824 3887 896 3950 lon·
953 3906 991 3948 ae
1028 3885 1223 3968 quemdam.
1247 3884 1338 3948 relat
1376 3884 1474 3948 deum
1510 3905 1529 3946 a
1565 3882 1696 3966 popolia

312 4001 454 4055 rentum.
951 3985 1082 4062 haberi,
1120 3985 1213 4072 cujqa
1240 3985 1393 4062 bonoria,
1428 3999 1483 4047 aut
1512 3985 1627 4048 aaltenr
1648 3982 1699 4044 di·

147 4085 397 4158 AVGVsTVS.
423 4089 717 4160 GERllrlNlCVS.
750 4091 896 4174 Impetu-
951 4089 1045 4154 vinae
1063 4087 1253 4172 proaapiae,
1274 4102 1402 4151 certum
1424 4085 1580 4150 iudicium
1602 4104 1696 4149 coro·

146 4199 361 4270 torlagowa
387 4203 481 4255 stone
499 4196 608 4275 capite
635 4197 767 4274 radiato
790 4195 821 4254 d.
841 4211 894 4254 ro·
950 4213 991 4254 ua
1019 4189 1142 4253 radiata
1170 4185 1257 4271 apud
1282 4191 1449 4260 Romanoa
1475 4186 1628 4271 perinde,
1655 4205 1694 4248 ac

145 4291 259 4366 utum,
281 4311 310 4352 a.
327 4289 546 4358 Victorioloua
563 4315 664 4378 super
680 4297 790 4376 giobo.
819 4294 891 4364 AV.
950 4291 1096 4356 Graeooa
1140 4290 1215 4356 fuit.
1265 4289 1320 4356 eie
1357 4303 1506 4356 ueterem
1542 4288 1694 4352 Latinum

147 4393 220 4458 All.
235 4395 336 4474 (Nur.
351 4391 459 4476 Gaea.)
948 4391 1042 4458 linxit
1055 4391 1217 4478 Virgiliua
1238 4390 1283 4477 ἢκ

186 4715 219 4786 ⁸)
238 4711 320 4770 Sutt-
337 4723 414 4777 ett.
532 4715 568 4788 b)
586 4711 769 4783 Faat.l.709.
889 4715 919 4784 e)
941 4711 1327 4790 Comment.T.1.p.ntr.·
1393 4671 1461 4780 .d)
1480 4705 1689 4786 intpocoloe.

147 4805 180 4872 e)
199 4801 256 4860 oio
271 4801 387 4860 nixi.
404 4806 426 4875 l.
439 4815 482 4864 20.
575 4803 602 4876 l)
620 4799 767 4862 Aenllll·
785 4805 845 4866 162.
