4267 5500
743 583 1127 674 nannttttvs
1636 620 1709 698 [ιη

152 767 260 832 lidum
298 763 388 830 addit
426 764 610 842 Hadriano,
647 757 785 830 neccsse
821 767 904 846 erit,
963 767 1143 834 commodis
1172 768 1351 837 ,consuluit
1377 770 1555 859 'Superest
1583 777 1710 848 nomas

150 867 343 935 tantundem
366 867 526 954 temporis
550 865 696 931 adimere
722 871 906 933 successori
963 869 1142 955 stupendae
1172 870 1268 934 molis
1295 875 1484 957 sepulcrum
1512 899 1531 940 a
1559 899 1596 944 se
1621 881 1712 966 junts

150 971 339 1047 Antonino,
369 991 406 1033 sc
435 984 503 1034 tum
530 967 668 1048 viderit,
698 969 731 1032 in
757 992 839 1056 quos
866 993 902 1036 sc
962 972 1112 1036 Tiberim
1143 972 1327 1054 eonditum,
1359 975 1542 1044 adcuratius
1572 982 1710 1067 reliquis

150 1077 291 1160 laqueos
315 1071 470 1139 induerit.
497 1073 645 1147 Recole,
668 1091 750 1156 quae
775 1073 809 1136 in
831 1094 905 1157 par·
962 1070 1164 1159 descriptum
1194 1098 1212 1138 a
1237 1077 1422 1159 Procopio,
1454 1092 1489 1143 et
1513 1080 1635 1146 rudera
1656 1085 1711 1158 Ti·

148 1175 344 1259 te1.hnjus
366 1173 477 1258 operia
504 1172 545 1237 ad
571 1193 686 1238 numos
710 1173 906 1238 Alexandria
961 1172 1113 1254 bursius,
1144 1174 1216 1259 ejus
1246 1178 1508 1262 magnificentiae
1538 1197 1710 1257 aeternum
1747 1191 1755 1203 ’

148 1297 213 1342 nos
237 1275 395 1340 Antonini
416 1275 468 1337 Pii
492 1275 736 1342 observavimus
758 1279 801 1358 ¹).
835 1275 904 1342 Sed
960 1291 1226 1356 mouumentum,
1257 1299 1322 1363 quo
1350 1279 1385 1340 in
1411 1280 1505 1361 loco,
1535 1299 1573 1348 nt
1600 1302 1712 1352 narrat

150 1390 187 1440 ot
209 1377 327 1460 Pagina
355 1379 438 1442 bane
467 1378 589 1442 Norisii
618 1378 808 1462 opinionem
836 1379 901 1443 late
962 1377 1151 1461 Spartianus
1173 1381 1222 1460 e),
1263 1379 1324 1442 sibi
1348 1381 1460 1446 rillsm
1488 1386 1572 1448 mire
1599 1386 1710 1456 aedili·

149 1479 274 1542 refutat
287 1477 332 1558 b).
960 1479 1062 1555 cavit,
1101 1478 1146 1542 its
1171 1493 1213 1542 art
1241 1479 1276 1542 in
1309 1501 1350 1545 ea
1380 1495 1415 1545 ct
1446 1487 1708 1568 provinciarum,

193 1579 271 1643 Fuit
288 1579 471 1644 Hadriam
492 1580 580 1645 inter
598 1581 763 1666 principes
781 1579 824 1642 de
843 1579 902 1642 im·
959 1593 994 1642 ct
1015 1579 1165 1644 locorum
1192 1581 1411 1646 celeberrima
1440 1589 1572 1652 uomina
1597 1589 1714 1686 inscri-
1819 1605 1824 1612 ’

148 1682 247 1768 perio
276 1683 426 1746 Romano
460 1683 582 1765 optime
618 1682 754 1745 meritos
788 1702 902 1744 nurne-
958 1679 1075 1757 beret,
1127 1681 1219 1746 velut
1260 1685 1427 1765 Lyceum,
1478 1690 1710 1771 Academiam,

146 1784 292 1862 randns,
324 1783 386 1850 etsi
415 1783 560 1867 ingentia
589 1785 667 1849 uitia
692 1803 759 1846 non
785 1805 900 1866 parum
957 1777 1175 1868 Prytaneum,
1199 1785 1386 1871 Canopum,
1406 1789 1584 1868 Poecilen,
1613 1795 1712 1855 Tem·

149 1887 223 1970 ejus
250 1905 349 1952 verae
378 1884 467 1948 luudi
493 1883 675 1948 detrahant.
713 1883 749 1946 si
770 1884 901 1969 biogra·
956 1903 1000 1967 pe
1029 1899 1175 1952 vocaret,
1214 1886 1287 1949 Etsi
1315 1885 1392 1950 iude
1422 1888 1464 1952 ab
1491 1890 1578 1954 adito
1607 1893 1712 1977 impe·

147 1987 253 2073 phum
291 1987 514 2072 spartianum,
552 1988 760 2070 Dionemque
792 1985 900 2049 audis·
956 1985 1008 2050 rio
1040 1985 1182 2051 tuendae
1209 2009 1272 2072 per
1292 2003 1461 2052 terrarum
1489 1991 1606 2055 orbem
1632 1993 1706 2076 paci

147 2111 241 2167 mus,
270 2109 338 2152 non
367 2089 465 2151 elium
493 2089 596 2171 magis
619 2088 803 2172 principem
823 2081 899 2172 perss
957 2107 1092 2172 operans
1119 2108 1250 2152 omnem
1275 2089 1452 2174 impendit,
1482 2113 1544 2178 qua
1568 2094 1611 2158 de
1634 2115 1708 2160 can·

146 2191 229 2254 inde
252 2211 392 2269 summa,
424 2204 519 2276 atque
542 2189 650 2254 infima
671 2189 802 2274 imperii
823 2211 899 2272 pro·
956 2211 990 2254 sn
1020 2191 1230 2269 Armeniam,
1270 2192 1482 2280 reliquasque
1514 2207 1604 2258 trans
1639 2198 1707 2260 Est·

148 2313 282 2358 curasse
304 2293 456 2376 legimus.
495 2291 601 2385 Quam
628 2291 686 2354 ille
711 2290 896 2356 indefessus
954 2292 1105 2376 phratem
1122 2292 1244 2375 positus
1263 2293 1436 2376 regiones,
1460 2295 1614 2359 nimirum
1631 2318 1708 2382 per·

126 2395 253 2458 *luerit
268 2395 302 2456 in
321 2393 480 2458 obeundis
496 2395 594 2456 totius
616 2393 747 2476 imperii
766 2392 898 2477 provin·
953 2407 1090 2476 petnum
1111 2392 1276 2456 bellorum
1298 2395 1446 2460 fomitem
1463 2398 1552 2461 ultro
1567 2399 1706 2484 abjecit,

149 2497 231 2574 ciis,
264 2510 361 2580 atquc
390 2495 557 2572 omnibns,
588 2515 651 2578 qua
671 2493 748 2557 illae
771 2494 897 2559 labore·
953 2509 1154 2559 nontamen
1179 2495 1320 2559 militem
1342 2497 1462 2580 ignaro
1485 2501 1552 2564 otio
1576 2499 1706 2566 dilssuc·

146 2611 245 2676 rent,
270 2616 332 2681 per
353 2617 389 2660 se
411 2598 517 2680 ipsum
539 2595 768 2679 inspiciendis,
800 2617 896 2682 quarn
953 2615 992 2660 re
1014 2618 1128 2681 passus
1149 2611 1217 2674 est,
1249 2596 1308 2661 sed
1337 2615 1529 2684 occupatum
1557 2623 1705 2687 semper,

147 2719 288 2765 seuerus
316 2699 350 2761 in
383 2699 486 2763 milite
520 2695 711 2782 disciplinae
746 2711 895 2775 exactor,
955 2711 988 2761 et
1005 2697 1039 2761 in
1057 2719 1224 2763 armornm
1244 2701 1378 2787 negotiu
1397 2701 1566 2767 adsiduum
1584 2707 1705 2782 tenuit,

148 2822 311 2891 quamque
342 2803 401 2867 ills
428 2822 494 2865 non
525 2799 616 2863 ducis
648 2800 769 2883 magis,
799 2820 895 2885 quarn
953 2820 1019 2884 quo
1041 2800 1180 2878 lactum,
1201 2815 1238 2864 nt
1259 2817 1293 2866 ct
1314 2804 1439 2866 exteris
1460 2799 1704 2891 usset'semper

148 2904 384 2969 commilitonis
406 2924 522 2965 munus
547 2902 760 2988 fungeretur,
786 2904 896 2986 copio-
952 2900 1165 2980 formidatus,
1196 2916 1231 2965 ct
1258 2916 1293 2965 nt
1320 2902 1445 2966 bellum
1473 2904 1545 2989 ipse
1573 2908 1702 2970 nullum

148 3006 268 3070 sinsin
288 3004 495 3091 sequentium
514 3024 687 3069 numerum
707 3004 896 3087 explicatio·
953 3002 1073 3081 morit,
1098 3002 1145 3065 sic
1167 3016 1254 3067 mota
1275 3004 1372 3068 facile
1395 3020 1620 3091 componeret.
1652 3012 1703 3071 lu·

146 3130 191 3173 ne
215 3108 423 3173 disseremus.
457 3106 567 3171 Cumis
593 3124 676 3170 vero
704 3106 737 3167 in
765 3126 895 3183 omnes,
952 3116 1006 3168 ter
1034 3104 1136 3169 serius
1163 3106 1221 3169 has
1246 3106 1378 3190 imperii
1399 3108 1629 3192 occupationes
1651 3133 1704 3174 su·

148 3226 184 3274 ct
210 3209 315 3273 lacilis
341 3228 440 3293 saepe
463 3209 642 3275 amicorum
667 3205 825 3273 conviviis
848 3208 896 3269 in·
953 3206 1077 3290 perluit
1098 3220 1206 3270 tamen
1228 3222 1376 3292 tempus,
1405 3210 1494 3294 qnod
1520 3230 1581 3274 seu
1607 3232 1703 3276 exer·

146 3310 282 3391 teriuit,
308 3332 425 3397 aegros
449 3312 545 3375 eliam
564 3309 724 3375 tenuioris
743 3311 893 3373 lortnnae
954 3308 1031 3373 citio
1054 3309 1221 3393 corporis,
1251 3331 1310 3374 sen
1331 3310 1478 3374 honestis
1499 3311 1622 3378 artibus
1643 3316 1705 3377 im·

147 3414 199 3477 bis
228 3434 266 3478 eo
293 3426 345 3477 ter
365 3414 400 3475 in
422 3413 476 3479 dic
498 3412 623 3489 invisit,
652 3412 774 3477 solatiis
796 3410 892 3488 fovit,
952 3410 1125 3495 penderet.
1178 3412 1324 3479 Venatus
1365 3412 1515 3497 pertinax
1557 3413 1701 3479 studium

147 3516 259 3579 omnia
282 3514 424 3601 deniqne
449 3514 490 3579 ad
515 3514 634 3599 privati
662 3514 803 3579 hominis
828 3533 895 3577 ruo·
951 3513 1042 3576 numi
1066 3513 1131 3598 ipsi
1156 3513 1421 3597 suppeditabunt.
1455 3514 1592 3578 Graecis
1617 3538 1713 3581 veron

147 3616 226 3679 dum
255 3616 346 3681 lecit.
389 3617 435 3683 Vt
463 3616 633 3701 privatim,
663 3616 711 3681 sic
732 3630 766 3680 et
788 3613 896 3699 publi·
954 3612 1067 3677 studiis
1095 3626 1181 3677 tanta
1206 3614 1283 3678 iude
1310 3635 1462 3698 spuere
1488 3616 1699 3682 contentione

148 3740 190 3785 ce
209 3718 356 3783 liberalis
372 3738 440 3781 non
461 3716 560 3782 modo
584 3718 729 3783 debitum
752 3714 824 3781 fisci
847 3716 894 3779 in·
951 3714 1014 3778 luit
1035 3714 1182 3792 deditus,
1213 3729 1250 3779 ut
1270 3716 1452 3780 Graeculus
1476 3718 1548 3803 ipse
1575 3742 1593 3783 a
1619 3739 1702 3785 non·

147 3840 251 3905 gens,
281 3818 370 3907 quod
398 3818 439 3883 ad
466 3840 584 3885 aunum
611 3820 653 3888 V.
669 3820 707 3887 C.
728 3820 787 3901 87·
813 3818 894 3881 ridi·
950 3815 1050 3879 nnllis
1072 3815 1239 3880 diceretur
1260 3814 1304 3899 d).
1334 3821 1451 3904 Neque
1473 3818 1698 3884 arithmeticae

146 3944 241 3999 mus,
283 3921 406 4007 po'pnlo
447 3921 591 4001 remisit,
635 3934 670 3985 et
709 3919 892 4005 provincias
950 3916 1069 3994 modo,
1099 3918 1321 4001 geometriae,
1350 3920 1517 4004 picturae,
1545 3934 1580 3983 et
1600 3921 1701 3985 musi·

146 4024 301 4089 damnum
321 4043 431 4109 passas
451 4024 571 4088 collato
593 4044 672 4087 sere
695 4022 891 4099 sublevavit,
951 4038 1008 4085 cae
1024 4020 1174 4103 peritiam
1188 4019 1357 4104 professus
1375 4036 1441 4105 est,
1459 4023 1519 4087 sed
1536 4023 1633 4086 etiarn
1649 4044 1700 4087 ar·

145 4124 207 4190 aed
227 4124 324 4193 etism
345 4125 464 4190 erectis
489 4124 621 4209 templis
642 4122 894 4209 magnificentis-
950 4134 1017 4186 tem
1047 4120 1195 4206 fingendi
1224 4140 1266 4184 ex
1296 4144 1393 4202 aere,
1429 4126 1484 4191 rel
1512 4146 1696 4202 marmore,

147 4228 256 4305 simis,
285 4226 423 4291 Athenis
449 4226 642 4311 praecipue,
669 4247 747 4312 quas
769 4224 893 4309 impen-
950 4244 991 4285 sn
1007 4242 1090 4287 vero
1105 4223 1255 4306 proxime
1271 4225 1475 4309 Polycletus,
1493 4239 1532 4290 et
1548 4228 1697 4311 Euphra·

146 4352 183 4393 se
214 4329 346 4405 dilexit,
383 4350 421 4393 ac
452 4328 584 4413 Cyzici,
620 4326 892 4414 aquaeductibus,
949 4342 1066 4401 noras,
1109 4324 1257 4403 Victori,
1301 4327 1358 4413 qui
1392 4326 1481 4390 istud
1515 4330 1695 4394 memorias

146 4430 323 4517 portubus,
341 4430 471 4495 urbium
488 4444 552 4493 tarn
571 4444 778 4507 ornamento,
796 4448 891 4515 qnam
949 4424 1110 4514 prodidit,
1128 4447 1195 4493 nou
1210 4441 1339 4493 temere
1353 4428 1517 4493 credimus
1531 4431 1573 4514 e).
1594 4432 1698 4496 Pere-

182 4662 216 4732 ι)
235 4656 302 4715 Vol.
317 4616 472 4735 lipare.
544 4652 581 4727 b)
600 4654 722 4713 Dissert.
736 4654 837 4733 hypat.
854 4654 885 4713 Ρ.
899 4653 922 4713 1.
938 4672 964 4714 ο.
980 4662 1007 4717 d·
1083 4655 1115 4728 c)
1134 4652 1422 4715 inilndr.snh.fiuf
1491 4654 1527 4729 d)
1546 4656 1693 4736 spartian.

145 4750 251 4809 Victor
264 4746 296 4803 iu
309 4744 385 4823 Epit.
457 4748 489 4820 c)
508 4746 540 4805 iu
554 4744 699 4823 Epitume.

1343 4838 1500 4922 Ppps
