4267 5500
669 617 1159 726 velociore.
1627 645 1696 711 ιιι

136 811 218 896 mis
236 809 305 917 iis,
334 837 444 924 quos
464 809 631 897 additae
648 837 888 897 museormn
907 825 1030 898 notae
1053 813 1334 930 distinguunt,
1363 819 1479 935 signo
1498 793 1703 933 evidente,
1748 881 1753 890 ·
1819 834 1822 843 '

134 977 207 1033 eos
228 977 257 1032 a·
271 948 466 1034 Morellio
488 977 541 1034 ex
560 948 793 1063 archetypis
813 949 911 1062 ipsis'
932 962 1096 1064 capim,
1124 950 1455 1070 delineatosque,
1485 987 1631 1074 neque
1645 988 1700 1046 ex

136 1085 326 1194 incertis,
354 1085 648 1200 suspectisque
662 1087 844 1172 fontibus
863 1085 991 1172 foisse
1008 1088 1171 1201 petitos.

225 1225 435 1309 Hactenus
457 1222 511 1309 de
529 1235 724 1310 monetae
742 1227 981 1338 Augusteae
1000 1225 1105 1334 fide,
1127 1229 1351 1342 praecipua
1373 1259 1475 1316 sane
1501 1231 1599 1318 artis
1622 1258 1699 1316 nu‘-

137 1359 398 1448 mismaticae
414 1374 552 1476 parte,
581 1359 862 1448 disseruimus.
902 1361 1123 1477 Agendum
1141 1365 1270 1452 etiam
1292 1365 1346 1452 de
1366 1396 1513 1454 eorum
1538 1369 1702 1478 merito,

137 1527 321 1612 quorum
348 1525 472 1612 opera
498 1499 548 1584 in
571 1500 642 1584 illa
666 1496 1293 1617 illiutranda,„explicandaque
1316 1519 1485 1594 versata·
1503 1518 1575 1591 est
1614 1507 1697 1590 Has
1745 1556 1748 1562 ,

139 1636 312 1750 quidem
336 1649 474 1762 partes
498 1639 590 1753 jam
610 1635 814 1752 occupavi
838 1629 897 1762 ins
912 1637 1175 1754 generalibus
1200 1638 1259 1724 ad
1277 1640 1360 1727 ltoc
1379 1671 1483 1755 opus
1502 1643 1698 1758 Prolego·

139 1773 273 1858 menis
294 1786 392 1858 toto·
404 1771 540 1889 capite
557 1773 698 1884 XXll,
723 1788 872 1860 tamen
883 1774 1078 1862 hocloco
1096 1778 1301 1862 nonnulla·
1313 1780 1507 1892 privatim
1526 1808 1700 1865 monen-

138 1911 191 1995 da
215 1925 384 1998 restant
419 1907 659 2010 Generatim
681 1936 767 1994 non
790 1909 871 1996 nisi
894 1926 1020 1999 caute
1044 1913 1252 1999 utendum
1270 1909 1483 1996 veteribus
1505 1911 1603 1995 artis
1626 1940 1701 1996 no-
1821 1928 1825 1937 '

136 2065 255 2135 strae
273 2045 498 2163 magistris,
525 2053 600 2130 ut:-
630 2043 851 2139 Tristano,
889 2041 1166 2164 spanhemi'o,
1197 2053 1381 2164 Begero,
1416 2074 1596 2164 quomm
1622 2051 1700 2134 etsi

135 2185 392 2273 incredibilis
410 2184 491 2269 suit
510 2180 710 2290 eruditio,
733 2196 875 2270 tamen
894 2186 1021 2272 nimia
1039 2188 1213 2274 facilitas
1229 2187 1387 2299 partim
1400 2185 1445 2270 in
1467 2185 1698 2298 adproban-

137 2325 200 2409 dis
221 2323 384 2431 numis,
411 2321 482 2436 qui
503 2319 632 2434 spurii
655 2333 774 2429 sunt,
796 2337 871 2410 aut
890 2323 1036 2411 saltem
1055 2325 1148 2442 jure
1168 2323 1375 2438 suspecti,
1396 2323 1548 2440 partim
1565 2322 1615 2409 in·
1628 2352 1701 2409 re-

135 2460 340 2575 cipiendis
362 2461 441 2546 illis
461 2487 511 2543 eo
529 2455 677 2566 modo,
698 2485 782 2572 quo
805 2461 872 2543 ab‘
884 2459 973 2546 aliis
994 2462 1182 2575 vulgatos
1205 2475 1471 2575 repererim,
1495 2489 1601 2546 cum
1617 2492 1701 2546 non

137 2624 400 2711 magnopere·
413 2595 458 2680 in
481 2621 636 2680 vemrn
657 2621 884 2681 numorum
913 2611 1068 2684 statum
1094 2612 1286 2686 curarent
1301 2599 1538 2714 inquirere..
1580 2608 1697 2713 Quae

135 2739 296 2823 luerurt
311 2734 393 2819 alia
411 2761 557 2819 eorum
573 2745 647 2818 aut
664 2731 788 2839 vitia,
812 2748 885 2821 aut
904 2736 1219 2824 etiam-illustria
1237 2736 1406 2848 merita,
1433 2750 1525 2822 tum
1549 2750 1591 2823 et
1607 2737 1699 2820 illo-

136 2904 252 2977 rum,
278 2872 356 2988 qui
371 2870 447 2957 hos
468 2870 606 2955 secuti
619 2883 748 2981 sunt,
760 2870 805 2955 in
825 2871 973 2959 iisdem
993 2875 1301 2990 Prolegomenis
1327 2873 1582 2988 compendio·
1600 2873 1698 2958 dixi

139 3014 183 3097 ln
201 3012 320 3100 hunc
338 3024 487 3095 tamen·
495 3008 636 3092 locum
655 3008 863 3096 reservavi
886 3012 1097 3127 judicium.
1113 2998 1181 3098 ‘de
1196 3010 1345 3125 amplis
1373 3011 1699 3114 commentariis,

139 3178 243 3263 quos
268 3147 327 3232 ad·
348 3144 614 3260 explicandas
644 3146 808 3233 tabulas
831 3148 1011 3233 Morellii
1039 3147 1265 3236 duodecim.
1291 3148 1590 3264 imperatorum
1620 3175 1700 3233 nu-

140 3316 231 3373 mos
258 3280 518 3400 complexas,
555 3282 608 3369 de
634 3284 784 3398 quibus
809 3286 956 3399 paullo-
974 3288 1097 3373 altius
1122 3287 1306 3403 egimus,
1340 3281 1576 3373 eluconrati
1600 3300 1700 3371 sunt

136 3424 264 3513 lllvin‘
292 3421 434 3537 magni
455 3405 509 3504 ab
541 3420 774 3509 eruditione
797 3425 974 3511 nominis
998 3425 1255 3511 Christianus
1277 3422 1557 3538 SchlegeliuS,
1583 3426 1699 3539 Sige-

137 3567 284 3648 bertus
303 3560 636 3674 llavercampus,
661 3575 708 3647 et·
725 3562 869 3648 Franc.
888 3566 981 3648 Ant
1001 3564 1162 3648 Goriru.
1198 3564 1366 3647 Horum·
1377 3563 1535 3674 primae
1558 3575 1695 3674 partes
1820 3568 1824 3575 '

137 3730 239 3785 cum
259 3712 418 3808 essent,
446 3697 499 3783 de
519 3698 775 3814 singulorum
797 3726 1021 3785 numorum
1039 3701 1121 3785 lide
1146 3714 1279 3785 certos
1304 3728 1379 3783 nos
1403 3698 1601 3806 reddere,
1626 3728 1699 3783 ne·
1782 3798 1790 3807 .

135 3840 274 3951 glecta
289 3865 343 3922 ea
368 3866 475 3923 ema
493 3837 683 3950 amplum
702 3836 822 3922 nobis
845 3819 1179 3923 testimoniorum
1203 3849 1478 3949 apparatrun,
1499 3834 1701 3923 nimirum·

133 3989 325 4065 veterem
350 3976 597 4061 cantilenam
619 3974 740 4061 toties
762 3972 818 4059 ad
832 3970 1052 4061 fastidium
1067 3975 1280 4082 audi-tam,
1301 3964 1551 4084 obtrudunt,
1581 3987 1624 4058 et
1644 4002 1701 4057 ne

134 4114 270 4199 nescii
287 4113 520 4222 videantur,
543 4113 798 4227 inquorum
815 4114 1009 4226 operibus
1028 4114 1270 4198 nidulenmr
1288 4113 1407 4197 numi
1427 4112 1591 4226 singuli,
1618 4110 1701 4224 pri-
1736 4201 1739 4206 ,

133 4282 258 4337 mum
278 4251 540 4337 Goltzianam
559 4278 742 4337 mercem
763 4240 911 4365 quater
927 4252 1045 4336 nobis
1066 4251 1322 4359 obtrudunt,
1333 4279 1388 4335 ex
1406 4250 1571 4335 Goltzio
1592 4250 1700 4365 ipso,
1716 4293 1718 4296 ·

136 4390 293 4475 deinde
317 4416 371 4473 ex
393 4388 547 4474 Nonnii
568 4387 837 4497 collectione,
864 4401 958 4473 tum
982 4414 1036 4473 ex
1057 4386 1301 4497 Vaillamio,
1330 4388 1508 4501 denique
1532 4413 1586 4471 ex
1606 4386 1700 4489 Mos

133 4528 244 4613 rellii
266 4522 653 4632 numerositatis,
678 4524 743 4610 his
771 4526 1029 4642 conjungunt
1060 4525 1159 4612 artis
1190 4537 1353 4611 nostrae
1381 4538 1547 4633 almos,
1576 4522 1698 4610 Eriz-

136 4696 263 4775 zum,
285 4667 519 4773 Occonem,
538 4664 839 4773 Hemelan‘um,
864 4656 1134 4773 Ondaanum,
1163 4664 1368 4778 aliosque,
1398 4692 1501 4776 quos
1526 4696 1610 4751 non
1628 4696 1699 4748 va·

136 4804 212 4888 des
230 4802 427 4911 idoneos,-
462 4800 534 4887 sed
560 4829 680 4889 serva
701 4801 860 4888 Goltzii
883 4828 1032 4915 pecora
1059 4802 1194 4917 aptius
1221 4798 1500 4916 appellareris
1543 4804 1697 4889 Verum

1397 4966 1468 5031 c'l
