4267 5500
471 618 547 700 594
1054 598 1447 677 oourmauva

470 775 646 839 Praeclare
672 754 851 835 secuudum
872 769 934 834 hoa
958 790 1075 834 uumua
1099 773 1216 835 Pausa·
1272 773 1444 859 pariantur
1461 768 1548 855 apud
1558 767 1821 835 Morelliamaub
1832 771 2020 837 Domitiano

471 878 557 955 nias,
589 897 663 940 eum
687 888 796 937 narrat
818 881 866 957 ¹),
892 871 1013 937 vidisse
1041 894 1077 936 ae
1106 874 1216 937 rhino·
1272 876 1426 940 aab.x11.
1442 894 1474 938 n.
1490 872 1532 949 43
1552 886 1615 939 etc.
1632 875 1715 937 etin
1731 874 1899 943 Vaillautii
1913 876 2019 939 numia

469 992 616 1057 eerotaa,
638 997 719 1065 quoa
738 998 860 1055 ταυρους
881 977 1081 1050 Αιθιοπικους
1103 988 1215 1051 vocat,
1273 991 1395 1061 praest.

467 1100 607 1165 quorum
633 1101 652 1141 e
674 1079 807 1141 naribus
831 1078 987 1140 extremit
1011 1098 1116 1141 eornu
1141 1097 1218 1161 pro·.
1317 1079 1399 1139 Sunt
1416 1076 1513 1140 etiam
1530 1076 1699 1159 argentei,
1718 1091 1752 1139 et
1768 1076 1879 1143 aenei:
1902 1076 2017 1139 OMO-

467 1184 587 1257 minet,
615 1194 648 1242 et
668 1182 778 1263 paullo
795 1180 945 1262 superiua
962 1178 1122 1253 aiterum,
1148 1198 1212 1239 non
1273 1176 1400 1244 Nota,
1413 1175 1636 1254 CCBACTH,
1651 1192 1729 1259 typo
1751 1180 1955 1244 Concordiae
1969 1204 2014 1243 sa-

465 1300 576 1349 tamen
603 1302 765 1364 magnum.
810 1282 902 1343 Haec
928 1279 1215 1343 commemoranda
1273 1284 1399 1355 dentis,
1424 1284 1478 1343 vet
1500 1284 1636 1343 stantis.
1661 1276 1775 1361 (Vaiss.
1800 1282 1887 1345 Mna.
1909 1284 2014 1363 Caes.)

465 1386 580 1461 inore,
608 1384 681 1467 quia
700 1381 887 1444 Harduinua
909 1402 951 1444 ex
973 1381 1052 1463 ipaia
1076 1380 1126 1441 hia
1147 1380 1214 1441 Do·
1271 1400 1410 1465 quorum
1427 1379 1506 1442 item
1524 1379 1647 1442 natales
1663 1378 1874 1463 ignorantur:

464 1485 588 1554 mitiani
616 1483 722 1561 numia
751 1482 958 1545 manifestum
987 1502 1061 1575 aare
1093 1480 1210 1558 docet,
1313 1482 1546 1547 Memoraudua
1561 1484 1659 1545 item:

464 1588 562 1651 unico
578 1587 615 1647 in
631 1605 711 1647 aare
735 1604 838 1647 cornu
856 1584 939 1646 hane
953 1583 1057 1646 feram
1075 1602 1150 1645 asae
1164 1581 1211 1643 iu·
1377 1582 1686 1651 AOMITIANOC.
1701 1582 1890 1649 KAICAP.
1911 1586 2012 1669 θυμω

463 1702 618 1753 atruetam
643 1683 693 1768 b),
730 1684 936 1769 eundemque
956 1676 1089 1745 ‘deinde
1120 1703 1211 1746 erro·
1376 1688 1575 1749 laurentum.

462 1810 534 1852 rem
551 1788 639 1851 forte
658 1808 699 1849 ex
716 1784 886 1849 Harduiuo
905 1785 1071 1862 haustum,
1092 1784 1124 1846 in
1142 1787 1210 1848 Do·
1268 1780 1554 1848 ssoutorxoc.
1589 1786 1704 1849 Pullus
1722 1788 1886 1867 gradiens
1906 1790 1939 1850 d.
1964 1790 2014 1849 lra-

461 1890 585 1953 mitiani
610 1890 716 1950 numia
743 1886 872 1949 uouuiai
898 1908 996 1950 uuum
1022 1906 1127 1949 ooruu
1154 1886 1211 1948 oia-
1267 1900 1355 1950 stom
1368 1892 1549 1963 intentans,
1565 1910 1590 1949 s.
1605 1886 1766 1968 σζγρσιιηι.
1780 1888 1853 1953 ΔΕ.
1865 1891 1906 1955 11.
1917 1893 2010 1973 (idua.

460 1990 606 2065 servari,
629 1989 821 2077 propagavit
845 1988 981 2053 lacobus
1006 1991 1115 2051 Bruce
1143 1990 1209 2048 An·
1267 1990 1458 2055 Faruea.'1¹.
1477 1990 1531 2052 lx.
1548 1987 1613 2051 tab.
1631 1987 1716 2051 Vm.
1735 2010 1767 2053 a.
1782 1991 1836 2071 q.)

460 2093 553 2177 glua,
586 2089 642 2179 qui
669 2092 701 2151 in
728 2111 787 2153 auo
811 2090 1002 2171 Abyaainiae
1036 2088 1208 2152 itinerario
1309 2086 1482 2174 Πολιουχοι
1505 2088 1624 2151 Suidae
1644 2102 1718 2151 suut
1738 2092 1871 2154 urbium
1889 2098 2009 2175 praesi-

460 2192 562 2255 muita
578 2190 620 2254 de
638 2193 701 2255 hoe
719 2192 848 2255 animali
865 2192 942 2255 aliar
953 2191 1112 2267 unicorni,
1130 2190 1208 2253 aliua
1267 2192 1340 2271 des3
1370 2212 1471 2275 quare
1495 2190 1581 2252 iatud
1603 2190 1771 2275 epitheton
1789 2194 1890 2256 raa-iia
1913 2194 1972 2256 diia
1993 2218 2008 2257 a

459 2294 590 2359 bicorni
620 2294 802 2371 enarravit,
837 2314 902 2378 quo
932 2294 1005 2357 loco
1036 2292 1206 2355 historiam
1266 2292 1435 2356 veteribus
1447 2291 1586 2353 inditum
1601 2294 1670 2353 init.
1687 2294 1844 2359 Privatim
1859 2294 1942 2359 illud
1958 2298 2006 2358 tri·

459 2394 639 2459 naturaiem
670 2396 917 2481 quadrupedum
952 2395 1023 2479 ejua
1058 2394 1205 2480 regionis
1263 2392 1378 2461 butum
1402 2408 1452 2457 eat
1475 2393 1641 2457 Palladia
1665 2394 1851 2479 Spartanis,
1876 2398 1929 2459 oui
1948 2399 2005 2460 hoe

460 2495 628 2563 deacnbit.
1262 2496 1396 2558 nomine
1432 2496 1588 2579 templum
1625 2497 1659 2557 in
1689 2516 1765 2560 aree
1796 2498 1859 2561 suit
1880 2501 1928 2578 ⁰),
1977 2514 2006 2561 et

1261 2598 1416 2665 Viteliina
1446 2612 1591 2681 pateram
1616 2598 1794 2662 immensae
1820 2598 2003 2682 magnitudi-

578 2678 684 2745 Numi
704 2684 878 2745 ⁶⁰mm⁰²⁴⁰¹
895 2682 1077 2764 Wssdffdi·
1261 2698 1311 2763 nis
1324 2702 1473 2784 clypeum
1488 2700 1669 2778 Minervae,
1687 2692 1806 2786 ἅιτγιδα
1821 2696 2000 2786 Πολιουχον,

498 2802 639 2870 Vrbium
671 2800 870 2865 Graecarum
906 2801 1085 2876 liberarum
1119 2803 1203 2888 juata
1262 2804 1444 2886 appellavit
1466 2802 1515 2882 d),
1545 2822 1627 2888 quae
1650 2803 1714 2886 jam
1737 2803 1921 2870 observarit
1944 2805 2000 2886 Gy·

456 2919 608 2988 aupereat
629 2907 732 2989 copia.
763 2907 813 2964 Ex
832 2903 882 2965 hia
903 2903 1106 2966 memorandi
1125 2925 1203 2967 non·
1260 2903 1381 2968 raldus.
1434 2901 1657 2996 Quaecunque
1690 2905 1769 2967 urba
1800 2905 1879 2982 suit,
1922 2927 1995 2990 quae

455 3007 558 3086 nudi,
583 3028 722 3093 quorum
743 3019 866 3070 certam
889 3025 956 3069 nou
978 3018 1126 3070 tenemus
1149 3027 1203 3090 pa·
1231 3005 1347 3110 ⁸iruuo
1369 3026 1503 3066 numum
1526 3005 1681 3090 signavit,
1714 3021 1841 3071 certum
1863 3007 1994 3080 videtur,

457 3113 565 3179 triam.
1259 3105 1325 3171 hoe
1355 3121 1434 3188 typo
1463 3127 1550 3168 usam
1581 3108 1615 3168 in
1642 3109 1822 3172 Domitiani
1853 3110 1993 3195 gratiam,

496 3212 596 3275 Numi
617 3209 768 3294 argentei
781 3202 954 3272 ΕΤΟΤΣ.
974 3205 1115 3274 NEOT.
1140 3209 1200 3272 IE-
1260 3231 1279 3272 a
1302 3229 1368 3294 quo
1390 3209 1571 3271 Minervam
1599 3209 1782 3294 insignitiu'a
1810 3213 1925 3274 cultam
1943 3233 1993 3272 uo·

457 3310 570 3388 POT,
600 3317 681 3374 unni
709 3314 788 3373 noui
812 3313 919 3384 saort,
951 3307 993 3371 de
1018 3310 1135 3392 quibua
1161 3331 1203 3373 ex
1261 3325 1371 3388 vorat,
1399 3311 1575 3393 praecipue
1598 3330 1671 3373 oum
1695 3331 1732 3374 ea
1760 3311 1878 3376 eodem
1899 3315 1991 3384 cultu,

455 3413 625 3500 proposito
641 3400 767 3494 egimua
782 3410 860 3479 Vol.
875 3412 933 3480 lv.
948 3409 983 3472 in
1001 3424 1140 3475 tractatu
1160 3411 1201 3477 de
1260 3425 1296 3475 ut
1326 3413 1358 3474 in
1390 3413 1518 3475 Graeco
1557 3411 1620 3475 hoe
1648 3433 1754 3476 numo
1793 3415 1991 3500 proponitur,

454 3517 541 3580 notia
556 3512 811 3598 chronologicis.
1260 3513 1454 3599 frequentor
1481 3515 1515 3576 iu
1544 3528 1675 3579 moneta
1704 3517 1851 3582 Romana
1878 3536 1989 3598 eompa-

496 3619 580 3682 Suut
600 3632 637 3680 et
658 3617 713 3679 alii
735 3615 885 3698 argentei
905 3616 961 3679 111.
982 3614 1108 3677 formae
1133 3615 1199 3678 ele·
1260 3629 1341 3681 reat.

453 3721 558 3806 gantis
588 3719 718 3803 operia,
755 3719 789 3779 in
818 3738 958 3803 quorum
987 3737 1118 3782 aversa:
1159 3713 1200 3778 C·
1299 3711 1472 3781 ΜΤΣῙΑ.
1502 3721 1676 3782 Provincia
1697 3731 1825 3781 moestu
1843 3721 1932 3781 dumi
1947 3741 1987 3780 se·

452 3818 574 3884 TOTC
601 3818 658 3884 ΙΔ.
684 3813 894 3882 ΤΠΑΤΟΤ.
922 3817 981 3885 lZ.
1023 3821 1118 3894 Van,
1147 3821 1201 3880 vel
1257 3819 1337 3881 dens
1357 3818 1460 3896 juxto
1482 3841 1648 3882 armorum
1669 3823 1867 3902 congeriem.
1896 3819 1985 3894 vide.

450 3925 574 4000 duplex
586 3924 662 4005 lyra
675 3924 850 3983 insistente
858 3923 1049 4003 plerumque
1064 3931 1196 3981 nortun.
1257 3941 1338 4004 quae
1361 3921 1403 3984 de
1427 3921 1582 4004 ringulari
1608 3921 1671 3984 hoo
1693 3943 1793 3983 numo
1817 3923 1939 4004 conjeci
1957 3920 1985 3980 ia

451 4025 569 4092 Variae
594 4023 646 4086 hia
670 4023 777 4085 numia
802 4023 925 4105 patriae
946 4021 987 4084 ab
1009 4020 1196 4085 auctoribus
1255 4023 1360 4085 numia
1378 4023 1523 4086 Moesiae
1541 4023 1720 4106 superioria
1738 4025 1816 4112 Vol.
1829 4027 1867 4088 ΙΙ,
1884 4048 1912 4108 p.
1928 4023 1953 4086 (t.

323 4134 329 4155 ⁸
450 4127 676 4211 adaignautur,
699 4125 759 4188 aed
776 4123 884 4185 verina
903 4143 976 4186 ease
993 4123 1114 4206 Lyciae
1128 4123 1197 4188 vin·
1301 4127 1513 4188 Coloniarum
1540 4125 1629 4186 numi
1655 4125 1722 4188 rari
1744 4126 1804 4187 sub
1825 4141 1930 4210 patre,
1957 4139 1986 4186 et

450 4231 625 4307 dicandae,
649 4228 790 4312 probare
811 4231 944 4288 o'onatua
970 4247 1040 4286 anm
1065 4226 1100 4286 in
1125 4226 1195 4308 ejua
1253 4224 1374 4302 fratre,
1405 4225 1465 4288 sub
1493 4227 1679 4290 Domitiano
1708 4229 1831 4310 majore
1858 4247 1983 4292 numero

448 4334 595 4420 regionis
614 4332 732 4397 numia.
763 4331 846 4393 Sunt
868 4329 963 4410 hujua
985 4324 1116 4411 generis
1137 4327 1195 4388 eti·
1253 4343 1440 4395 occurrunt.

449 4459 500 4502 am
522 4439 583 4502 aub
601 4437 727 4510 Nerva,
754 4445 788 4496 et
808 4431 951 4513 Trajouo
973 4431 1099 4515 aignati.
1129 4429 1194 4491 Re·
1298 4433 1609 4498 Alexandrinorum
1626 4453 1740 4519 magna
1759 4433 1862 4519 copia.

484 4768 514 4836 a)
533 4765 566 4820 L.
586 4763 636 4820 IX.
657 4782 684 4818 e.
704 4774 749 4820 tt.
869 4753 1108 4828 b)1tora1.t⁷tt.
1129 4753 1167 4811 ad
1185 4753 1240 4812 Plii
1259 4751 1368 4812 librum
1379 4753 1466 4829 ¹VIII.
1589 4757 1619 4827 c)
1639 4755 1763 4814 Pausan.
1786 4755 1818 4810 t.
1835 4755 1883 4812 111.
1903 4763 1978 4812 c.1.·.

449 4854 482 4924 d)
504 4855 583 4910 Suet.
606 4852 636 4906 in
653 4849 754 4908 vireu.
774 4869 800 4906 c.
822 4861 864 4911 15.
1385 4843 1392 4854 ⁴
