4267 5500
411 612 459 693 oa
989 543 1038 677 at.
1071 598 1386 679 aaronita.

421 780 481 841 bos
496 768 784 840 numoa‘Ootsriae
802 772 852 857 jus
866 792 952 839 essa.
981 772 1166 861 Argumeu·
1217 796 1292 838 ruus
1319 772 1415 838 multi
1435 756 1564 860 exiguo
1577 784 1652 835 sunt
1681 772 1867 852 volumius,
1900 772 1973 836 dia-⁴

358 904 363 911 ·
423 891 490 949 toa
512 876 716 941 lineamentis
736 876 839 961 petito
857 896 924 938 non
947 875 1163 958 immorabor,
1218 876 1314 941 dama
1353 896 1486 963 quoque
1517 874 1559 939 ab
1594 875 1782 960 antiquariis
1816 876 1859 939 de
1891 894 1967 950 suo,

424 996 498 1043 oum
527 978 615 1063 quod
644 978 742 1054 baec,
788 978 963 1063 praecipue
992 979 1026 1042 iu
1056 980 1165 1043 numia

424 1082 585 1155 externis,
618 1080 682 1143 sint
701 1080 849 1159 fallacia,
875 1094 943 1143 tum
965 1083 1054 1168 quod
1074 1082 1166 1147 dem·

421 1194 479 1266 pto
500 1191 599 1245 namo
621 1183 735 1260 unico,
767 1204 865 1268 quem
886 1182 920 1245 in
942 1184 1012 1268 ejus
1033 1199 1166 1248 moneta

421 1283 524 1362 dubo,
570 1296 816 1347 monumentum
850 1284 940 1349 aliud
973 1308 1040 1349 nou
1067 1287 1166 1351 habe·

421 1406 517 1463 mua,
541 1382 628 1468 quod
652 1384 864 1451 indubitatam
888 1388 983 1451 nohis
1007 1390 1163 1468 Octaviae

422 1486 569 1569 effigiem
600 1482 734 1563 efferat,
767 1506 842 1548 cam
871 1509 934 1572 qua
961 1490 1045 1554 adeo
1071 1512 1167 1576 prae·

421 1586 560 1651 sentium
586 1607 759 1649 numerum
782 1590 887 1654 nultus
905 1592 1065 1673 possimus
1090 1614 1166 1657 con-

397 1696 522 1787 'fqrre
567 1693 618 1755 Ad
640 1692 753 1775 capitis
779 1694 901 1753 cultmn
926 1694 1013 1776 quod
1034 1697 1165 1775 attinet,

422 1796 562 1862 vidimus
591 1796 624 1856 in
654 1791 800 1876 praelixo
831 1792 996 1878 catalogo,
1041 1817 1083 1859 ex
1112 1821 1167 1862 au-

420 1910 548 1961 ctorum
572 1896 698 1960 indicio
715 1914 813 1978 saepe
835 1908 932 1981 eaput
953 1898 1035 1960 illud
1058 1900 1167 1963 adseri

419 1998 601 2063 diademate
631 1996 835 2071 redimitum3
864 1998 1002 2081 quodsi
1032 2022 1166 2081 rerum,

420 2100 491 2185 quis
510 2101 715 2182 Cleopatram
739 2096 959 2161 inficiabitur?
995 2103 1061 2165 Sed
1079 2108 1168 2169 Maz-

421 2202 540 2265 aoleno
564 2200 674 2283 judice
690 2212 817 2261 temere
837 2200 920 2262 illud
940 2220 1167 2269 ornamentum

420 2300 629 2379 ablorellio,
659 2301 796 2387 aliisque
812 2306 964 2371 adfictum
983 2319 1054 2381 eat,¹
1069 2328 1166 2390 quam

362 2446 370 2470 .
422 2402 553 2489 quidem
577 2423 640 2483 ego
654 2406 847 2468 sententiam
865 2410 993 2471 calculo
1011 2426 1086 2469 meo
1107 2428 1171 2469 ne·-

422 2526 485 2590 qne
525 2500 698 2587 repudiare
727 2526 875 2589 possum,
914 2530 1022 2595 neque
1050 2528 1168 2592 appro-

419 2607 516 2681 bare;
554 2626 620 2668 non
642 2603 722 2683 hoc,
760 2612 834 2692 quia
865 2624 913 2673 tot
934 2626 1035 2675 testes
1058 2610 1169 2675 diade·

420 2730 473 2772 ma
501 2707 682 2784 stabiliunt,
715 2729 780 2772 uon
802 2711 904 2790 illud,
938 2714 1011 2799 quia
1041 2712 1165 2796 etipse

421 2810 624 2896 experientia
641 2809 755 2873 ductus
773 2833 878 2897 cogor
894 2812 1064 2897 profiteri,
1086 2837 1168 2877 uou-

419 2913 528 2978 nullos
557 2912 704 2975 cruditos
725 2935 843 2979 revera
867 2918 998 2980 mulieri
1016 2918 1165 2982 diadema

419 3030 554 3100 praeter
595 3017 766 3080 veritatem
812 3018 1004 3097 adtinuisse,
1045 3021 1169 3098 credo,

421 3115 508 3202 quod
532 3115 721 3193 mulierem,
743 3141 838 3202 quam
860 3133 933 3186 asse
956 3124 1166 3206 Cleopatram

421 3221 503 3282 citra
517 3215 650 3278 dubium
670 3219 840 3297 dixerunt,
859 3243 932 3286 ease
952 3224 1167 3287 diadematum

422 3331 603 3402 oporteret.
647 3319 683 3386 Si
704 3319 791 3380 istud
817 3321 850 3380 in
874 3325 1030 3387 Murellio
1051 3327 1169 3408 proba.

423 3438 523 3493 vero,
561 3419 653 3502 cujus
675 3419 840 3483 celebrata
867 3437 917 3498 est
939 3424 972 3484 in
994 3447 1168 3503 numerum

421 3523 549 3608 pictura
571 3520 752 3600 adcuratio,
775 3523 878 3585 multo
900 3525 1001 3608 magis
1024 3527 1166 3610 suspicio

419 3626 520 3696 feriet
541 3627 715 3692 solutiores
738 3627 829 3694 alios.
865 3626 973 3693 Video
995 3628 1166 3706 nimirum,

421 3730 455 3792 in
476 3731 561 3793 binis
586 3731 805 3814 Cistophoris,
833 3749 914 3814 quoa
942 3731 1114 3795 blorellius
1133 3733 1166 3794 iu

420 3831 543 3894 familia
574 3833 714 3894 Antonia
747 3832 849 3898 tabu
881 3831 979 3908 sistit,
1022 3833 1167 3898 additum

420 3947 517 4018 caput
538 3933 698 3996 muliebre
715 3933 853 3996 cinctum
873 3933 1074 4013 diademate,
1101 3956 1166 4020 quo

399 4103 402 4109 f
420 4051 529 4100 tamen
542 4033 624 4096 illud
644 4035 777 4097 caretin
794 4037 900 4097 numis
917 4037 1043 4116 iisdem,
1069 4051 1166 4123 atque

420 4135 649 4221 integerrimis
668 4137 772 4198 musei
790 4137 960 4214 Caesarei,
986 4141 1092 4203 musei
1110 4142 1167 4202 At-

343 4309 362 4324 ..
420 4239 513 4317 bani,
531 4253 565 4302 et
584 4259 664 4321 quas
685 4239 1040 4322 exbibetPanelius1).
1066 4243 1101 4303 Si
1120 4242 1167 4306 sio

422 4355 592 4425 peecatum
611 4342 643 4401 in
662 4339 778 4416 numia,
796 4341 851 4424 qui
868 4362 929 4424 per
945 4345 1111 4418 volumen,
1133 4356 1168 4406 et

423 4445 589 4507 metallum
631 4443 736 4505 minus
768 4442 1166 4528 detrimentiaccepere,

422 4546 495 4626 jure
532 4554 702 4629 p'nssumus
740 4545 915 4628 suspicari,
967 4547 999 4608 in
1035 4547 1166 4624 aeneis,

424 4647 479 4730 qui
514 4647 722 4730 corruptioni¹
754 4649 826 4732 plus
863 4661 989 4732 patent,
1027 4661 1060 4713 et
1088 4670 1167 4731 quo·

434 4837 440 4847 ’
460 4853 491 4922 a)
511 4851 597 4908 Num.
614 4853 748 4928 Cistopb.
766 4873 795 4930 p.
805 4857 850 4927 69.

1221 992 1257 1043 et
1284 1000 1326 1043 ex
1351 976 1570 1064 praejudicata
1597 977 1751 1062 opinione
1779 976 1883 1043 fuisse
1914 976 1970 1041 ad·

1221 1081 1335 1144 ditum.

1286 1185 1395 1267 Atque
1423 1181 1477 1243 his
1506 1183 1678 1265 perpensis
1700 1182 1851 1246 omuibus
1873 1202 1970 1265 appa·
2013 1170 2018 1248 ᾖ

1220 1297 1292 1365 ret,
1314 1306 1410 1371 quam
1438 1284 1480 1347 sit
1506 1283 1661 1361 difficile,
1690 1284 1725 1345 in
1744 1284 1810 1348 boc
1830 1283 1970 1348 dissidio

1222 1407 1283 1452 suu
1313 1385 1490 1463 Octaviae,
1525 1407 1586 1451 seu
1622 1387 1819 1477 Cleopatrae
1858 1400 1971 1471 partes

1222 1489 1321 1556 tueri.
1356 1490 1403 1556 Vt
1432 1500 1552 1550 tamem
1572 1509 1679 1554 meum
1701 1490 1761 1551 hac
1783 1509 1918 1574 quoque
1940 1490 1975 1552 in

1224 1612 1321 1657 eausa
1350 1590 1572 1673 conjecturam
1601 1590 1786 1673 proferam,
1817 1612 1887 1652 nou
1910 1612 1974 1651 ma·
2014 1618 2020 1636 ι
2102 1663 2104 1673 k

1224 1714 1372 1779 gnopere
1404 1694 1546 1756 alienum
1567 1713 1621 1755 me
1642 1714 1662 1755 a
1683 1693 1874 1756 Mazzoleni
1902 1713 1977 1755 sen·

1223 1797 1325 1859 tentia
1365 1796 1542 1878 proliteor,
1592 1794 1773 1879 opinantis,
1816 1792 1975 1857 muliebri

1223 1896 1301 1959 baio
1323 1896 1420 1980 capiti
1444 1896 1477 1956 in
1499 1896 1591 1960 nullo
1613 1896 1647 1957 id
1670 1916 1775 1979 genus
1796 1916 1899 1957 numo
1921 1894 1976 1957 ad·

1223 1997 1327 2060 ditum
1357 1998 1515 2061 diadema.
1558 1996 1649 2059 Istud
1670 1996 1700 2059 ai
1725 2017 1867 2074 uerum,
1894 2016 1976 2081 quo·

1223 2102 1310 2163 niam
1332 2102 1506 2183 Cleopatra
1526 2118 1607 2161 rere
1634 2097 1750 2181 regina
1770 2098 1850 2172 fuit,
1883 2111 1919 2160 et
1940 2098 1977 2158 iu

1224 2202 1324 2266 certis
1348 2201 1419 2284 ejus
1439 2200 1564 2277 numia,
1598 2199 1634 2261 in
1655 2199 1771 2283 quibus
1792 2201 1975 2284 praecipue

1225 2304 1395 2368 donarium
1417 2315 1513 2385 puto,
1541 2322 1641 2385 quem
1662 2301 1696 2363 in
1718 2316 1850 2365 moneta
1871 2305 1977 2363 Auto-

1223 2406 1269 2467 nii
1299 2405 1340 2468 ad
1366 2405 1409 2472 V.
1428 2404 1543 2484 Cpuo
1573 2400 1751 2485 descripsi,
1782 2404 1854 2487 ejus
1877 2418 1977 2487 caput

1225 2520 1413 2572 constanter
1443 2504 1583 2568 babetur
1611 2503 1846 2582 diadematum,
1882 2504 1977 2568 vide·

1224 2624 1279 2674 tur
1300 2609 1398 2673 etiam
1428 2605 1603 2689 consequi,
1635 2604 1664 2667 si
1685 2620 1781 2689 caput
1801 2608 1836 2667 in
1857 2605 1974 2688 bajus,

1224 2714 1266 2776 de
1278 2734 1340 2798 qua
1358 2711 1499 2796 agimus,
1518 2708 1629 2772 classis
1644 2710 1752 2772 numia
1771 2722 1862 2772 esset
1877 2708 1975 2772 Cleo·

1223 2831 1354 2900 patrae,
1388 2834 1455 2876 uon
1491 2811 1628 2874 debere·
1652 2813 1748 2895 regio
1777 2812 1859 2888 isto,
1899 2811 1977 2872 sibi·

1224 2939 1287 3002 que
1310 2915 1425 2980 debito
1444 2912 1564 2998 insigni
1585 2933 1711 2978 oarere.
1741 2913 1908 2997 Equidem
1929 2914 1978 2976 ri·

1224 3018 1305 3097 deo,
1339 3016 1439 3101 objici
1469 3015 1549 3078 mibi
1572 3037 1668 3099 posse
1691 3017 1975 3101 aeneum-Oppii,

1223 3144 1321 3207 quem
1337 3117 1530 3188 Vaillautius
1550 3117 1584 3177 in
1601 3117 1742 3180 Antonia
1763 3119 1829 3185 tab.
1846 3123 1922 3191 XV.
1942 3147 1973 3185 n.

1225 3234 1287 3304 47,
1316 3221 1490 3283 Motellius
1510 3217 1575 3301 tab.
1596 3221 1737 3286 X1.n.a
1760 3221 1921 3302 edidere,
1944 3227 1978 3288 iu

1226 3345 1291 3410 quo
1333 3341 1422 3406 poue
1450 3335 1547 3403 caput
1573 3321 1735 3385 muliebre
1766 3345 1835 3386 nou
1867 3325 1979 3391 diade·

1225 3439 1346 3487 matum
1380 3435 1432 3485 est
1463 3444 1561 3505 prora
1588 3423 1696 3497 uaris,
1727 3425 1817 3509 quod
1841 3429 1979 3491 attribu.

1225 3541 1294 3589 tum
1318 3539 1443 3587 certam
1467 3525 1560 3586 nobis
1585 3525 1794 3611 Cleopatram
1815 3528 1913 3607 lacit,
1944 3546 1980 3593 ut

1225 3628 1340 3691 videre
1365 3638 1479 3688 estex
1509 3627 1627 3689 eodem
1654 3628 1789 3693 denario
1816 3653 1836 3694 a
1860 3653 1916 3695 me
1939 3633 1979 3695 ad

1225 3753 1344 3795 annum
1365 3749 1428 3809 7ao
1457 3729 1629 3811 producto.
1673 3732 1716 3794 At
1743 3733 1833 3794 enim
1866 3755 1979 3820 quem·

1225 3831 1417 3904 admodum,
1452 3843 1488 3891 ut
1518 3832 1672 3894 continuo
1703 3833 1866 3913 diximus,
1901 3857 1978 3920 pec·

1225 3952 1329 4001 catum
1350 3933 1399 3997 'ab
1424 3932 1610 4015 antiquariis
1636 3934 1789 4001 addendo
1809 3937 1976 4013 diadema,

1223 4049 1289 4124 qu'o
1313 4040 1389 4100 loco
1415 4033 1531 4097 abesse
1549 4034 1681 4114 debuit,
1708 4040 1754 4102 sic
1785 4040 1979 4122 peccas-ila-

1224 4142 1289 4223 uile
1321 4139 1426 4222 potuit
1454 4137 1652 4214 omittendo,
1686 4142 1865 4224 praecipue
1903 4165 1978 4206 cum

1224 4243 1270 4318 ia,
1315 4263 1412 4325 quem
1435 4244 1610 4308 Morellina
1633 4243 1732 4317 stitit,
1772 4242 1916 4327 insignia
1937 4247 1978 4307 ab

1225 4365 1307 4407 aevo
1336 4345 1413 4430 vitia
1434 4345 1562 4411 lecerit.
1609 4345 1757 4440 Quodsi
1787 4344 1822 4406 i'n
1856 4345 1979 4410 borum

1224 4445 1390 4508 nonnullis
1419 4469 1499 4511 vere
1530 4462 1579 4511 est
1607 4462 1703 4531 caput
1734 4445 1979 4526 diadematum,

1226 4560 1321 4631 atque
1348 4547 1430 4613 adeo
1452 4531 1664 4633 Cleopatrae,
1685 4549 1756 4629 ejus
1775 4549 1916 4634 reginae
1941 4551 1976 4612 ias

1224 4647 1276 4711 bis
1311 4650 1418 4712 numia
1452 4653 1641 4735 propositae
1676 4651 1846 4734 duplicem
1876 4653 1976 4720 video
