4267 5500
652 503 1133 654 -saa'rouruivs
1639 585 1684 648 aa

128 719 184 785 EX
203 719 239 786 S.
254 717 294 787 C.
319 719 429 806 Caput
449 721 575 786 nudum
591 721 739 806 Pompeii
752 725 873 806 patris,
931 741 1012 786 roua
1034 744 1176 808 quemn,
1206 744 1269 810 qus
1290 724 1422 810 quidem
1443 727 1517 811 jura
1541 730 1678 814 gloriari

126 845 201 907 pone
221 824 347 902 lituus,
368 826 427 886 cui
445 825 620 888 adversum
637 836 690 886 cst
706 837 807 906 caput
826 825 875 886 al·
930 837 1077 908 poterat,
1118 825 1207 908 quod
1245 847 1285 890 ea
1320 839 1525 895 servatorum
1559 833 1682 900 cisium

131 940 231 988 terum
259 929 385 989 audiam
411 927 542 990 modice
569 925 759 1004 barbatum,
786 946 874 1010 pone
915 925 1033 1002 ,decus
1049 926 1158 991 habita
1174 941 1238 1006 est,
1260 928 1332 1014 ipsc
1350 951 1432 997 vero
1449 933 1607 1018 copiosis,
1625 936 1682 1021 qui

133 1031 244 1108 tripu:-
267 1027 342 1098 AV.
360 1029 461 1110 (Mus.
479 1026 590 1111 Caes.)
930 1027 1184 1112 proscriptionis¹
1222 1030 1289 1096 vim
1310 1104 1314 1110 ¹
1334 1048 1521 1114 evaserant,
1571 1038 1682 1120 persa.

289 1131 418 1192 Eadcm
436 1128 624 1212 epigraphe.
656 1129 764 1212 Caput
782 1131 877 1197 Pom·
934 1128 1023 1210 giam
1039 1131 1206 1214 praebuit,
1221 1153 1362 1221 eosque,
1386 1156 1461 1198 cum
1477 1137 1619 1220 primum
1636 1139 1683 1202 fa·

288 1231 358 1313 pejt'
370 1231 480 1313 putris
497 1231 633 1293 nudum.
659 1287 665 1298 ,
933 1229 1048 1298 cultas
1071 1231 1222 1310 dabatur,
1263 1255 1340 1297 cum
1375 1238 1500 1302 Illviris
1533 1242 1682 1304 reconci-

134 1333 255 1396 raom
272 1331 462 1416 epigraphe.
485 1323 607 1413 'capita
624 1332 692 1393 duo
711 1335 800 1396 nuda
820 1335 877 1396 od·
932 1332 1039 1411 liavit,
1060 1333 1250 1418 patriaeque
1266 1333 1410 1399 reddidit
1423 1335 1469 1420 b).
1491 1341 1571 1403 Pars
1588 1361 1683 1407 sver-

134 1455 239 1511 verm,
272 1453 414 1516 quorum
441 1435 580 1496 dextero
609 1435 809 1496 adstituitur
836 1434 877 1496 lt-
932 1455 967 1496 sa
993 1433 1035 1498 ad
1058 1436 1142 1498 latus
1165 1434 1339 1499 dexterum
1363 1436 1565 1505 luculentum
1589 1444 1681 1505 exbi-
1792 1427 1798 1435 ¹

133 1551 221 1616 tuus,
241 1539 383 1600 sinistro
398 1545 527 1618 guttur.
548 1532 621 1602 AV.
639 1533 757 1614 (Liebe
775 1535 874 1602 Goth.
932 1533 990 1597 bet
1018 1537 1170 1621 Pompeji
1197 1537 1299 1620 patris
1330 1552 1443 1622 caput,
1482 1556 1519 1605 at
1544 1558 1679 1626 praeter

133 1660 215 1701 num·
231 1659 266 1722 P·
280 1639 349 1719 sq.)
932 1636 1101 1721 exemplar
1131 1639 1363 1702 Morelliauum
1397 1639 1518 1706 docent
1551 1645 1677 1708 'similes

188 1741 332 1805 Numam
355 1757 397 1801 ex
418 1735 469 1800 his
489 1736 630 1821 primam
659 1737 739 1801 olim
767 1736 873 1817 edidi,
931 1736 997 1802 dae
1024 1739 1231 1822 integerrimi
1259 1741 1350 1805 numi
1380 1744 1485 1808 musei
1512 1743 1676 1811 Caesarei.

130 1856 161 1904 et
180 1841 305 1925 pictum
328 1839 396 1903 stiti
417 1840 466 1921 ι),
493 1839 528 1901 in
554 1860 618 1924 quo
643 1861 756 1904 veram
784 1838 874 1904 exhi·
909 1841 1022 1903 *Pone
1044 1839 1230 1904 adstituitur
1250 1841 1366 1921 lituus,
1391 1845 1678 1931 quiafuit'augur

129 1943 199 2006 beri
220 1943 316 2006 Sexti
343 1939 489 2025 effigiem
510 1940 688 2005 verisimile
708 1953 778 2019 est,
810 1942 873 2007 etsi
930 1941 1070 2008 docente
1086 1943 1159 2027 ipso
1174 1943 1335 2008 Cicerone
1352 1946 1392 2027 c).
1416 1945 1514 2039 Quod
1530 1945 1606 2010 huic
1621 1969 1680 2031 op·

129 2045 324 2108 lincamenta
342 2045 481 2106 multum
501 2041 654 2106 differant
673 2066 692 2107 c
714 2041 871 2126 capitibus
928 2046 1061 2129 ponitur
1086 2059 1200 2129 caput,
1224 2045 1403 2109 secundum
1426 2046 1604 2131 plerosque
1627 2063 1679 2112 est
1741 2119 1746 2141 Ι

128 2167 299 2210 rumorum
326 2144 550 2231 sequentium,
587 2145 621 2206 ia
649 2143 766 2230 quibus
795 2165 872 2229 pro-
930 2147 1029 2210 Cnaei
1052 2146 1129 2224 lilii,
1158 2148 1216 2230 qui
1235 2148 1451 2213 Sexti·lrater
1472 2163 1550 2213 satu
1572 2150 1676 2232 major

128 2249 232 2312 babile
253 2249 336 2311 item
356 2261 422 2324 est,
445 2262 480 2312 ut
502 2247 646 2322 dicetur,
669 2245 739 2328 ejus
755 2245 872 2310 offerri
927 2247 1007 2327 fuit,
1037 2262 1072 2311 et
1098 2248 1138 2309 ia*
1157 2248 1333 2312 Mundessi
1357 2251 1483 2332 praelio
1509 2252 1678 2328 occubuit,
1745 2331 1749 2336 .

127 2351 310 2435 imaginem.
353 2349 454 2425 Numi
488 2351 530 2414 ll.
567 2362 601 2412 et
637 2350 693 2413 ΙΙΙ.
733 2351 870 2411 multum
928 2363 1025 2435 atque
1041 2373 1155 2416 verum
1171 2367 1207 2416 ut
1219 2351 1333 2428 fatear,
1348 2351 1439 2433 cujus
1451 2352 1592 2415 alterius
1602 2375 1676 2418 esse
1759 2374 1766 2386 ¹

130 2451 293 2516 iacessunt
335 2451 517 2514 molestiae.
565 2451 662 2513 Mitto
701 2449 870 2516 brevitatis
928 2452 1049 2536 possit,
1062 2454 1204 2536 ignoro,
1232 2453 1374 2516 Barbam
1396 2466 1432 2515 ut
1454 2455 1678 2536 promitteret,

132 2575 238 2630 causa,
269 2573 352 2638 quae
382 2552 504 2622 eruditi
523 2551 605 2618 varii
626 2551 667 2616 ad
687 2571 745 2614 cos
769 2553 881 2636 expli.
929 2555 1057 2638 impulit
1074 2556 1181 2619 luctus
1198 2555 1299 2638 patris
1316 2553 1496 2619 ulciscendi
1512 2576 1607 2620 causa
1624 2556 1679 2619 ad·

134 2655 249 2719 candos
274 2655 466 2738 protulere,
498 2666 531 2718 et
560 2674 617 2730 ea,
648 2669 729 2738 quae
759 2654 873 2720 acrisi—
930 2668 1073 2722 vocatus.
1095 2659 1148 2720 De
1166 2656 1297 2740 tripode
1313 2677 1401 2742 pona
1420 2657 1491 2740 ejas
1507 2671 1604 2741 caput
1621 2678 1680 2742 po·

137 2758 218 2820 milia
244 2756 413 2834 ridentur,
444 2756 550 2819 solum
576 2775 769 2840 persequar.
814 2758 874 2819 Ca·
931 2759 994 2822 sito
1015 2772 1132 2843 agetur
1149 2760 1314 2825 contiuuo.
1716 2753 1721 2759 ’

137 2873 193 2943 put
217 2859 337 2923 anticas
365 2858 457 2920 numi
477 2862 518 2920 ΙΙ.
545 2880 618 2921 csse
641 2859 742 2943 ipsius
765 2858 873 2937 Sexti,
995 2863 1120 2923 Numus
1142 2863 1197 2925 111.
1220 2874 1316 2945 caput
1336 2858 1487 2945 Pompeji
1513 2861 1614 2943 patris
1642 2861 1677 2921 ia
1711 2860 1714 2864 ’

142 2959 240 3023 omnia
287 2960 496 3045 persuadent.
553 2960 695 3023 Barbam
744 2961 874 3047 modice
931 2962 1070 3025 anticam
1091 2962 1220 3043 trajicit.
1260 2961 1352 3054 Quae
1374 2961 1439 3023 sint
1460 2962 1564 3044 capita
1584 2982 1677 3027 aver·

143 3056 289 3145 promittit
316 3075 410 3126 sueto
438 3063 507 3146 ejus
529 3063 642 3125 aetatis
664 3061 769 3137 cultu;
799 3082 873 3123 nam
931 3084 1012 3139 sae‚‚
1027 3063 1270 3145 inquirendum.
1299 3063 1405 3123 Nemo
1427 3062 1510 3138 erit,
1534 3063 1589 3145 qui
1610 3085 1678 3127 non

144 3184 208 3226 eam
230 3161 380 3227 aluerunt
408 3165 505 3228 etiam
532 3164 648 3227 saltem
677 3163 874 3247 aliquamdiu
930 3166 1038 3249 primo
1070 3177 1203 3249 aspectu
1234 3185 1272 3226 ea
1302 3162 1412 3224 Gnaeo
1442 3176 1476 3225 et
1505 3162 1606 3225 Sexto
1640 3163 1678 3225 fi·

145 3265 342 3342 Octavianus,
375 3268 420 3326 Μ.
441 3266 619 3344 Antonius,
648 3268 789 3341 Brutus,
820 3286 874 3327 cu·
930 3267 984 3331 liis
1003 3287 1080 3331 esse
1102 3265 1236 3350 propria
1256 3263 1355 3338 velit,
1384 3264 1430 3325 sic
1460 3278 1495 3327 ut
1523 3263 1611 3349 quod
1635 3265 1678 3327 ad

142 3367 187 3447 jas
212 3384 305 3430 causa
329 3366 425 3429 luere
453 3382 508 3431 aut
533 3368 641 3431 luctus
663 3367 806 3451 privatus
830 3367 872 3429 ob
931 3368 1100 3433 dexteram
1120 3381 1191 3444 est,
1218 3366 1264 3429 sit
1281 3364 1399 3443 Cnaei,
1428 3364 1516 3449 quod
1536 3365 1578 3429 ad
1600 3365 1677 3429 siai·

141 3468 303 3533 violentam
325 3469 442 3554 patris,
472 3484 526 3534 aut
547 3468 765 3533 benefactoris
787 3490 874 3531 mor·
930 3484 1047 3548 stram,
1070 3470 1173 3534 Sexti.
1203 3469 1394 3533 Sedtamen
1414 3469 1591 3553 estmagni
1608 3492 1677 3533 mo·

139 3585 214 3651 mm,
241 3587 295 3637 aut
314 3572 464 3657 publicus
486 3571 530 3634 ob
551 3572 636 3655 reip.
659 3572 872 3650 calamitates,
929 3572 1163 3649 mentiosum,
1186 3592 1268 3655 quae
1290 3571 1483 3635 seutentiam
1500 3570 1583 3633 hanc
1604 3592 1678 3654 gra·

138 3690 169 3737 ut
187 3676 219 3737 ia
234 3675 437 3761 singulorum
457 3674 564 3737 rumis
584 3674 807 3739 observamus.
835 3676 872 3739 ln
929 3674 1014 3741 viter
1041 3674 1129 3738 ferit.
1163 3676 1201 3733 Ia
1222 3693 1324 3735 murno
1348 3671 1569 3756 praecedente
1595 3672 1678 3734 vidi·

138 3778 234 3841 Sexto
257 3791 371 3841 nostro
397 3768 537 3840 honesta
562 3776 711 3860 quidem,
740 3777 801 3841 sed
828 3790 874 3839 ta·
930 3798 1021 3852 mus,
1043 3775 1158 3858 capiti,
1181 3774 1269 3859 quod
1292 3795 1364 3837 esse
1387 3774 1488 3837 Gnaei
1508 3786 1676 3856 putamus,

136 3902 207 3945 meu
239 3880 395 3945 adfectata
429 3879 608 3943 continuati
639 3880 746 3944 luctus
778 3899 873 3943 causa
929 3877 1062 3943 adstitui
1090 3876 1270 3961 tripodem,
1300 3874 1334 3937 ia
1364 3877 1428 3939 hoc
1459 3876 1609 3942 videmus
1638 3875 1677 3936 li·

136 4004 204 4047 esse
224 3984 328 4068 potuit
344 3981 471 4046 bellum
491 4002 565 4044 cum
581 3980 760 4045 Octaviano
778 4002 874 4065 repe·
929 3994 1032 4044 tuum.
1071 3981 1153 4043 Esse
1174 3980 1262 4042 hunc
1284 3993 1458 4063 auguratus
1480 3991 1606 4052 certum
1628 3976 1676 4038 ia·

134 4086 242 4163 titum,
281 4084 376 4169 quasi
410 4084 565 4157 nimirum
601 4083 720 4149 invitus
759 4096 874 4151 vetera
929 4082 1063 4160 dicium,
1084 4082 1157 4166 quia
1173 4082 1300 4146 nescit?
1324 4082 1391 4144 Sed
1410 4101 1518 4165 neque
1540 4100 1675 4163 augura·

134 4187 211 4271 reip.
235 4186 374 4251 vulnera
399 4186 560 4250 refricare
587 4197 774 4270 cogeretur.
811 4186 874 4249 Ea·
930 4185 978 4247 tui
991 4198 1154 4269 repugnat
1166 4184 1269 4268 tripus
1283 4184 1462 4249 secundum
1477 4182 1578 4249 verba
1591 4183 1677 4242 Mar·

138 4290 207 4351 dem
232 4289 329 4353 etiam
359 4286 403 4353 de
431 4310 527 4353 causa
549 4286 761 4351 Octavianum
787 4286 874 4353 ultra
930 4287 1009 4351 tiani
1027 4286 1180 4371 Capellae
1200 4285 1252 4368 d)=
1279 4290 1470 4350 Oeoaistice
1489 4288 1594 4348 tertio
1614 4296 1675 4357 cst,

139 4390 334 4475 praefinitum
356 4400 490 4475 tempus
510 4389 699 4474 promisisse
724 4389 873 4467 barbam,
929 4409 1107 4473 perquam
1127 4391 1234 4471 tripuo
1251 4389 1315 4451 illa
1333 4402 1471 4452 venturo
1487 4390 1676 4462 denunciet,

137 4493 166 4555 is
185 4495 253 4577 ejus
273 4508 407 4557 moneta
428 4486 468 4557 ad
487 4516 607 4557 annum
624 4496 665 4561 V.
682 4494 717 4558 C.
734 4515 797 4575 7¹7
819 4512 875 4557 ve·
932 4505 1032 4571 atque
1050 4492 1161 4552 omnis.
1174 4492 1318 4577 eminuit
1334 4503 1451 4553 nostra
1467 4492 1597 4551 cortino
1615 4500 1677 4551 etc.

139 4594 263 4663 titimile
289 4596 408 4663 dicam.
447 4597 540 4661 Sexti
566 4611 663 4681 caput
693 4595 794 4661 ambit
821 4614 877 4657 co·
933 4593 1120 4658 Secundum
1148 4613 1229 4678 ergo
1257 4592 1320 4656 bos
1344 4610 1461 4653 numos
1487 4586 1679 4654 babebimus

175 4826 496 4901 mammaeam.
571 4825 606 4897 a)
625 4780 973 4897 mormulam.
1048 4824 1080 4895 0>
1099 4817 1385 4897 estimantes.
1460 4814 1497 4885 a)
1517 4815 1645 4874 avua
