4267 5500
741 533 1129 679 nortmanos.
1637 600 1707 681 392

165 764 227 816 est.
256 750 382 819 Verum
398 745 474 811 satis
491 745 552 811 ista
569 760 742 832 perspecta
761 764 836 814 sunt
850 749 907 830 iis,
964 750 1083 829 timus,
1119 749 1211 834 isque
1248 750 1379 829 obrius,
1416 752 1449 814 in
1483 752 1575 835 cujus
1605 752 1710 818 antica

164 851 282 937 quibus
308 850 388 915 licet
408 848 452 912 de
471 847 578 913 numia
598 849 746 934 judicare
771 848 909 916 nou'ex
965 853 1182 935 Vespasianus
1219 850 1338 916 dieitur
1373 851 1469 919 008.
1497 854 1573 930 tlt,
1615 868 1709 918 certo

162 951 341 1039 praeconio
356 949 596 1034 catalogorum,
618 952 678 1016 sed
694 973 734 1015 ex
748 953 820 1039 ipso
836 977 907 1019 usu.
964 952 1153 1017 charactere
1182 953 1259 1017 anui
1283 956 1324 1023 V.
1354 954 1389 1017 C.
1416 954 1491 1031 das,
1530 956 1568 1017 ln
1596 960 1711 1021 aversa

148 1052 396 1120 dlediobarhm
437 1066 571 1135 praeter
607 1054 793 1119 innumeras
828 1057 907 1121 alios
965 1055 1059 1117 'ritus
1089 1054 1222 1119 dicitur:
1254 1054 1377 1123 CAES.
1407 1056 1509 1123 Avo.
1537 1058 1575 1119 F.
1607 1056 1710 1123 sve.

162 1158 270 1235 labes,
300 1154 417 1241 quibus
443 1154 603 1218 refertum
630 1168 681 1219 est
707 1156 778 1239 ejus
806 1178 906 1242 opus,
963 1156 1068 1232 tter,
1097 1175 1171 1221 conr
1199 1171 1305 1221 tamen
1335 1176 1376 1220 ex
1399 1157 1603 1241 praescripto
1631 1158 1712 1221 alio·

162 1260 261 1324 etiam
290 1258 353 1321 boc
383 1269 515 1340 peccat,
554 1253 643 1341 quod
670 1258 859 1323 subaeratos
887 1282 907 1321 a
963 1278 1036 1320 rom
1054 1256 1229 1337 similium,
1249 1279 1331 1343 quos
1353 1259 1386 1321 iu
1409 1258 1478 1343 ejus
1501 1260 1577 1323 anni
1598 1274 1709 1323 utone·

161 1360 274 1447 probis
311 1358 476 1443 argenteis
512 1378 578 1419 uon
613 1359 765 1425 secrevit.
820 1359 905 1424 Sane
962 1370 996 1422 ta
1018 1356 1141 1435 obtuli,
1170 1372 1240 1421 tum
1262 1374 1296 1423 et
1317 1360 1551 1443 chronologiae
1578 1360 1709 1445 legibus

161 1461 346 1528 acutissimo
379 1460 593 1523 'l'illemontlo
624 1459 709 1524 adeo
740 1460 907 1526 adversari
964 1473 1057 1524 certo
1079 1459 1287 1523 scribendum
1312 1460 1431 1525 fuerit:
1462 1460 1583 1525 CAES.
1606 1462 1707 1530 Ave.

161 1564 291 1628 veritati
317 1561 505 1637 ridebatur,
530 1561 753 1633 Domitianum
781 1564 845 1647 jam
872 1566 906 1627 in
964 1560 1117 1624 altas.
1135 1563 1223 1629 tttP.
1252 1563 1407 1626 Ceterum
1428 1582 1495 1626 uon
1517 1562 1611 1625 deest
1628 1562 1709 1626 effu·

161 1665 331 1731 consulatu
357 1666 449 1740 Vll,
481 1685 541 1727 seu
567 1666 609 1733 V·
634 1666 671 1731 C.
694 1666 757 1743 834
783 1666 905 1731 dissum
964 1663 1073 1747 glum,
1102 1681 1210 1748 neque
1236 1663 1322 1726 istud
1346 1664 1541 1741 violentum,
1568 1686 1633 1748 qno
1655 1685 1710 1749 pa·

160 1766 262 1829 fuisse
295 1764 544 1844 Germanicum,
575 1780 612 1829 ut
645 1788 711 1830 non
741 1766 906 1847 dubitaret
962 1776 1060 1828 trono
1088 1764 1122 1825 iu
1148 1764 1278 1829 laudato
1306 1786 1405 1828 numo
1432 1767 1629 1830 Morclliauo
1656 1787 1709 1829 re·

159 1867 335 1942 adserere,
365 1880 535 1952 suspectos
565 1868 628 1929 sibi
655 1867 761 1934 videri
788 1892 905 1934 numos
963 1879 1016 1928 cte
1037 1886 1099 1927 una
1121 1878 1207 1927 stare
1221 1866 1346 1949 possint
1361 1880 1395 1929 et
1410 1866 1706 1934 GEttttstttcvs.

161 1988 274 2033 ornnes
300 1967 348 2032 sic
375 1970 560 2053 inscriptos.
592 1970 643 2052 (iu
667 1972 752 2034 Nota
779 1973 836 2039 lv.
863 1970 905 2035 ad
963 1979 998 2029 et
1023 1966 1119 2031 COS.
1142 1968 1214 2033 Vll.
1258 1968 1347 2031 Alias
1375 1968 1532 2044 diximus,
1562 1989 1603 2031 ex
1631 1986 1707 2031 eon-

159 2069 353 2150 Domitian.)
384 2067 596 2162 Quapropter
623 2090 779 2155 euperem
806 2074 904 2137 etiam
961 2068 1119 2131 sulstibue
1147 2088 1223 2145 sex,
1255 2090 1337 2154 quos
1361 2069 1570 2133 'Domitianus
1599 2070 1706 2133 adhuc

159 2192 246 2235 noro
280 2170 429 2234 examine
463 2172 584 2255 inquiri
616 2173 651 2235 in
680 2172 780 2239 fidem
808 2177 903 2239 aenei
962 2171 1082 2233 Caesar
1105 2170 1223 2254 gessit,
1247 2172 1389 2257 quinquo
1411 2170 1511 2235 luisse
1538 2170 1704 2235 suffectos.

159 2272 346 2335 Morelliani
375 2292 452 2335 mox
482 2273 619 2351 laudati,
661 2274 697 2337 iu
727 2296 791 2361 quo
822 2278 901 2341 item
960 2272 1030 2334 Hos
1054 2290 1137 2354 ergo
1158 2272 1185 2332 si
1208 2272 1354 2357 neglexit
1374 2274 1590 2351 monetarius,
1613 2276 1705 2358 cujus

158 2374 445 2442 Gssfflsdtcvs
476 2376 685 2461 conjungitur
708 2397 782 2441 cum
805 2378 901 2443 COS,
960 2369 1049 2435 aliud
1072 2377 1259 2458 exemplum
1288 2374 1365 2439 dedi
1392 2398 1490 2460 supra
1516 2375 1558 2440 ad
1587 2398 1706 2439 annum

156 2478 251 2554 Ἧι,
278 2477 437 2561 cujusque
462 2477 602 2542 similem
629 2499 733 2564 usqne
758 2501 825 2542 nou
850 2500 903 2543 re·
960 2476 1002 2539 V.
1028 2476 1065 2539 C.
1086 2475 1166 2553 632,
1192 2478 1378 2540 consulatus
1403 2478 1471 2543 Vll.
1499 2476 1588 2538 nurui
1613 2498 1706 2560 prae·

156 2578 241 2663 peri.
273 2576 372 2671 Quod
392 2578 421 2642 si
440 2580 533 2642 lubet
555 2578 655 2643 fidem
679 2582 803 2645 habere
826 2582 901 2647 huic
960 2576 1062 2641 scutis
1083 2576 1301 2642 adnumeratis
1318 2579 1460 2664 quinque
1478 2578 1624 2643 suffectis
1642 2580 1705 2641 erit

156 2680 303 2744 Morellii
328 2701 450 2759 numo,
479 2682 654 2745 habeamus
677 2697 711 2746 et
731 2683 830 2748 fidem
857 2685 903 2748 al·
957 2680 1066 2764 reipsa
1096 2682 1188 2772 llll„
1225 2700 1405 2768 numasque
1440 2681 1525 2746 adeo
1560 2683 1704 2768 signatus

155 2783 222 2846 teri
242 2783 283 2846 ab
305 2783 423 2847 eodem
440 2785 546 2863 odito,
570 2787 603 2847 io
620 2805 685 2869 quo
702 2801 816 2850 contra
834 2808 903 2849 om·
959 2783 1000 2850 V.
1019 2785 1055 2844 C.
1073 2785 1146 2866 839.

155 2906 216 2949 nes
244 2885 339 2948 nobis
368 2886 519 2970 cognitos
546 2887 751 2951 Domitianus
780 2886 902 2951 dicitur
1000 2883 1079 2959 His,
1108 2897 1142 2946 ut
1166 2883 1355 2965 oportebat,
1384 2885 1595 2968 praemonitis
1621 2899 1705 2948 stun-

155 2989 350 3050 lbchrotor
370 2989 504 3065 xxttl„
534 2988 577 3053 do
604 3011 669 3074 quo
696 3010 829 3076 agemus
852 3010 903 3052 ar·
960 2984 1037 3048 dum
1057 2977 1189 3048 o'mnino
1210 2998 1332 3047 tantum
1353 2985 1458 3047 nuruis
1477 3000 1588 3050 certae
1608 2983 1702 3060 fidei,

155 3089 259 3152 ticulo
287 3102 458 3172 sequente.
501 3092 603 3155 Plano
631 3093 731 3176 igitur
757 3106 902 3169 certum,
958 3088 1065 3172 lisque
1087 3107 1204 3170 magno
1226 3107 1365 3148 nurnero
1389 3087 1615 3172 superantibus
1638 3089 1704 3149 oxi-

157 3191 192 3252 iu
212 3191 437 3275 proponendis
456 3192 506 3254 bia
525 3195 650 3271 numis,
678 3193 786 3279 quiin
808 3193 903 3257 chro-
961 3191 1069 3258 stimo.
1100 3192 1207 3273 Atque
1230 3188 1406 3251 secundum
1434 3191 1496 3253 hos
1521 3187 1605 3253 certi
1630 3189 1704 3252 red-

157 3293 321 3378 nologicis
338 3292 423 3355 uotis
441 3311 595 3378 peccant,
614 3311 670 3360 aut
685 3279 813 3358 errasse
833 3297 904 3358 Mn·
961 3291 1086 3366 dimus,
1129 3289 1315 3354 Domitiano
1355 3291 1542 3356 Germanici
1583 3312 1702 3354 nomen

156 3395 291 3458 rellium
303 3392 533 3473 deducentem,
550 3398 903 3482 autcbalcogrupbum,
960 3392 1151 3456 consuisse
1176 3391 1333 3472 inditum,
1361 3393 1423 3456 nisi
1451 3407 1591 3458 exeunte
1619 3411 1703 3457 auno

156 3509 212 3560 aut
235 3496 334 3560 etiam
355 3495 390 3558 in
412 3497 453 3560 iis
476 3499 681 3563 elaborandis
705 3501 811 3584 ipsuru
835 3521 903 3564 mo·
962 3495 1000 3560 V·
1022 3496 1060 3558 C.
1086 3493 1167 3572 636,
1199 3497 1250 3560 rel
1280 3495 1385 3560 statim
1414 3495 1590 3579 incipiente
1619 3515 1703 3558 anno

157 3597 321 3662 netarium
351 3611 510 3662 veterem.
551 3602 740 3666 Morellium
771 3603 806 3662 iu
832 3601 903 3685 pin·
960 3598 1036 3679 837.
1065 3598 1146 3679 Ejus
1168 3618 1299 3681 gravem
1322 3596 1482 3660 rationem
1508 3595 1588 3657 mihi
1614 3593 1704 3658 suffi-

157 3699 271 3784 gendo
293 3721 524 3786 uonnunquam
547 3702 648 3765 luisse
670 3703 902 3780 incautiorem,
959 3699 1004 3763 cit
1026 3698 1128 3774 istud,
1153 3697 1239 3782 quod
1263 3696 1388 3757 nullum
1410 3696 1475 3760 ridi
1490 3695 1565 3758 anni
1581 3697 1702 3781 prioris

157 3805 222 3882 jam
249 3800 328 3865 alias
355 3799 483 3880 deteri,
513 3804 649 3888 ejusque
676 3804 821 3889 palmare
848 3825 904 3868 cx·
959 3823 1110 3875 nuruum,
1142 3799 1198 3883 qui
1226 3797 1411 3862 Germanici
1438 3799 1567 3861 titulum
1595 3812 1702 3862 ostena'

157 3904 303 3987 emplum
325 3903 402 3965 dedi
424 3904 458 3966 iu
481 3905 622 3968 denariis
636 3905 799 3988 Scipionis
814 3905 904 3968 Asia·
959 3916 1024 3981 tet,
1051 3901 1177 3964 nullum
1199 3898 1407 3982 posterioris,
1434 3901 1490 3986 qui
1513 3922 1588 3964 eum
1609 3901 1700 3963 omit-

158 4005 263 4089 geuis.
306 4004 591 4090 chalcographum
623 4009 696 4092 quis
730 4008 901 4072 absolvere
959 4018 1014 4068 tut.
1048 4005 1155 4086 Atque
1183 4002 1263 4064 haee
1291 4003 1451 4066 sententis
1477 4000 1613 4087 egregie
1641 4015 1701 4065 sta-

159 4108 268 4185 rolet,
305 4107 481 4192 praecipue
512 4108 546 4168 in
575 4108 638 4172 boc
668 4109 902 4194 imperatorum
959 4107 1074 4170 bilitur
1100 4102 1329 4167 Alexandrinis
1363 4105 1542 4168 Domitiani
1576 4103 1700 4178 numia,

158 4229 278 4292 opere,
306 4209 358 4273 cui
380 4229 532 4294 suprema
547 4211 694 4274 Morellii
716 4233 827 4276 manus
847 4213 903 4275 de·
959 4207 1124 4290 inscriptis
1138 4200 1321 4270 ETOTE.
1344 4201 1536 4283 TPlTOT,
1562 4227 1700 4290 quorum

158 4311 247 4372 fuit?
279 4311 347 4374 Sed
367 4333 475 4396 aeque
497 4310 616 4374 desunt
636 4313 698 4378 bac
725 4315 901 4399 praecipue
960 4312 1016 4375 alii
1044 4304 1173 4372 titulom
1200 4299 1230 4368 Γ
1232 4301 1343 4371 tsPM.
1370 4308 1535 4384 omittunt,
1565 4306 1620 4370 olii
1647 4307 1702 4370 ad·

157 4425 265 4475 aetate
303 4425 395 4476 certa
431 4413 467 4476 in
501 4415 607 4476 nuruis
645 4417 902 4480 monetariorum
959 4414 1049 4478 dunt.
1089 4410 1205 4494 Coepit
1227 4409 1402 4472 Domitiani
1430 4408 1532 4472 annos
1559 4410 1615 4472 111.
1645 4407 1699 4473 die

159 4527 311 4598 peccata,
352 4535 461 4599 neque
504 4517 539 4576 iu
580 4518 746 4599 argenteis
786 4519 902 4596 modo,
959 4515 1076 4580 xxm
1111 4512 1250 4597 Augusti
1288 4511 1328 4576 V.
1363 4512 1400 4580 C.
1429 4510 1501 4576 ott.
1544 4511 1636 4594 Ergo
1670 4513 1699 4575 is

159 4636 301 4700 quorum
338 4615 574 4702 imperantibus
609 4619 731 4683 Flauiis
772 4623 903 4705 cognita
959 4631 1052 4705 purte
1066 4615 1179 4702 priore
1191 4613 1265 4678 anui
1278 4613 1372 4696 hujus
1385 4613 1597 4679 Alexandrini
1611 4615 1697 4680 bunc

161 4732 212 4781 est
227 4719 416 4802 perversio,
439 4720 498 4782 sed
515 4734 549 4782 et
566 4720 687 4785 aeneis.
709 4724 769 4784 Eat
785 4724 819 4784 in
836 4746 903 4786 mu·
960 4721 1088 4784 titulum
1104 4717 1259 4780 'nondum
1287 4720 1428 4803 recepit,
1462 4731 1558 4802 atque
1587 4719 1635 4780 uti
1664 4719 1698 4780 iu

160 4839 219 4884 aso
240 4821 402 4886 Caesareo
423 4842 545 4886 aeneus
566 4823 591 4888 1.
613 4822 739 4890 formae
760 4827 903 4910 integer·
959 4823 1011 4887 bis
1029 4820 1137 4884 uumis
1160 4833 1234 4882 unte
1256 4843 1373 4884 annum
1395 4823 1450 4885 lll.
1469 4841 1533 4882 non
1559 4819 1696 4902 legitur,
