<?xml version="1.0" encoding="UTF-8"?>
<!DOCTYPE html PUBLIC "-//W3C//DTD XHTML 1.0 Transitional//EN"
    "http://www.w3.org/TR/xhtml1/DTD/xhtml1-transitional.dtd">
<html xmlns="http://www.w3.org/1999/xhtml" xml:lang="en" lang="en">
 <head>
  <title>
</title>
<meta http-equiv="Content-Type" content="text/html;charset=utf-8" />
  <meta name='ocr-system' content='tesseract 3.04.00' />
  <meta name='ocr-capabilities' content='ocr_page ocr_carea ocr_par ocr_line ocrx_word'/>
</head>
<body>
  <div class='ocr_page' id='page_1' title='image "./doctrinanumorum01steigoog/doctrinanumorum01steigoog_0143.png"; bbox 0 0 4267 5500; ppageno 0'>
   <div class='ocr_carea' id='block_1_1' title="bbox 156 535 1095 840">
    <p class='ocr_par' dir='ltr' id='par_1_1' title="bbox 156 535 1095 840">
     <span class='ocr_line' id='line_1_1' title="bbox 767 535 1095 653; baseline 0 -7"><span class='ocrx_word' id='word_1_1' title='bbox 767 535 1095 653; x_wconf 78' lang='lat' dir='ltr'><strong>avcvsrvs</strong></span> 
     </span>
     <span class='ocr_line' id='line_1_2' title="bbox 156 695 927 840; baseline -0.001 -30"><span class='ocrx_word' id='word_1_2' title='bbox 156 747 195 812; x_wconf 92' lang='lat' dir='ltr'><strong>P.</strong></span> <span class='ocrx_word' id='word_1_3' title='bbox 208 745 246 813; x_wconf 86' lang='lat' dir='ltr'><strong>C.</strong></span> <span class='ocrx_word' id='word_1_4' title='bbox 271 695 484 830; x_wconf 71' lang='lat' dir='ltr'><strong>Agrippae:</strong></span> <span class='ocrx_word' id='word_1_5' title='bbox 512 739 653 808; x_wconf 87' lang='lat' dir='ltr'><strong>Oriente</strong></span> <span class='ocrx_word' id='word_1_6' title='bbox 678 737 781 820; x_wconf 89' lang='lat' dir='ltr'><strong>redit,</strong></span> <span class='ocrx_word' id='word_1_7' title='bbox 807 742 927 840; x_wconf 64' lang='lat' dir='ltr'><strong>eiquev</strong></span> 
     </span>
    </p>
   </div>
   <div class='ocr_carea' id='block_1_2' title="bbox 155 843 907 1339">
    <p class='ocr_par' dir='ltr' id='par_1_2' title="bbox 155 843 907 1339">
     <span class='ocr_line' id='line_1_3' title="bbox 156 843 905 932; baseline -0.003 -20"><span class='ocrx_word' id='word_1_8' title='bbox 156 849 191 912; x_wconf 87' lang='lat' dir='ltr'><strong>in</strong></span> <span class='ocrx_word' id='word_1_9' title='bbox 208 845 296 911; x_wconf 83' lang='lat' dir='ltr'><strong>allud</strong></span> <span class='ocrx_word' id='word_1_10' title='bbox 317 843 573 932; x_wconf 84' lang='lat' dir='ltr'><strong>quinquennium</strong></span> <span class='ocrx_word' id='word_1_11' title='bbox 595 843 831 927; x_wconf 75' lang='lat' dir='ltr'><strong>tribpotestas</strong></span> <span class='ocrx_word' id='word_1_12' title='bbox 849 845 905 910; x_wconf 91' lang='lat' dir='ltr'><strong>de·</strong></span> 
     </span>
     <span class='ocr_line' id='line_1_4' title="bbox 159 939 798 1029; baseline -0.008 -15"><span class='ocrx_word' id='word_1_13' title='bbox 159 949 316 1015; x_wconf 86' lang='lat' dir='ltr'><strong>cernitur.</strong></span> <span class='ocrx_word' id='word_1_14' title='bbox 339 949 407 1013; x_wconf 85' lang='lat' dir='ltr'><strong>Ara</strong></span> <span class='ocrx_word' id='word_1_15' title='bbox 425 939 518 1012; x_wconf 86' lang='lat' dir='ltr'><strong>Pacis</strong></span> <span class='ocrx_word' id='word_1_16' title='bbox 537 945 743 1011; x_wconf 78' lang='lat' dir='ltr'><strong>constituitur</strong></span> <span class='ocrx_word' id='word_1_17' title='bbox 758 951 798 1029; x_wconf 82' lang='lat'><strong>¹).</strong></span> 
     </span>
     <span class='ocr_line' id='line_1_5' title="bbox 220 1047 905 1134; baseline 0 -21"><span class='ocrx_word' id='word_1_18' title='bbox 220 1052 353 1114; x_wconf 83' lang='lat' dir='ltr'><strong>Desunt</strong></span> <span class='ocrx_word' id='word_1_19' title='bbox 379 1051 477 1134; x_wconf 86' lang='lat' dir='ltr'><strong>hujus</strong></span> <span class='ocrx_word' id='word_1_20' title='bbox 502 1049 578 1112; x_wconf 89' lang='lat' dir='ltr'><strong>anni</strong></span> <span class='ocrx_word' id='word_1_21' title='bbox 599 1049 690 1110; x_wconf 89' lang='lat' dir='ltr'><strong>numi</strong></span> <span class='ocrx_word' id='word_1_22' title='bbox 714 1047 813 1126; x_wconf 89' lang='lat' dir='ltr'><strong>certi,</strong></span> <span class='ocrx_word' id='word_1_23' title='bbox 840 1048 905 1113; x_wconf 92' lang='lat' dir='ltr'><strong>nisi</strong></span> 
     </span>
     <span class='ocr_line' id='line_1_6' title="bbox 155 1149 906 1236; baseline -0.003 -20"><span class='ocrx_word' id='word_1_24' title='bbox 155 1154 244 1216; x_wconf 78' lang='lat' dir='ltr'><strong>forte</strong></span> <span class='ocrx_word' id='word_1_25' title='bbox 283 1151 348 1214; x_wconf 91' lang='lat' dir='ltr'><strong>hnc</strong></span> <span class='ocrx_word' id='word_1_26' title='bbox 387 1171 517 1236; x_wconf 88' lang='lat' dir='ltr'><strong>quoque</strong></span> <span class='ocrx_word' id='word_1_27' title='bbox 555 1149 723 1234; x_wconf 75' lang='lat' dir='ltr'><strong>pertinent</strong></span> <span class='ocrx_word' id='word_1_28' title='bbox 756 1149 906 1234; x_wconf 89' lang='lat' dir='ltr'><strong>inscripti</strong></span> 
     </span>
     <span class='ocr_line' id='line_1_7' title="bbox 157 1251 907 1339; baseline 0.003 -23"><span class='ocrx_word' id='word_1_29' title='bbox 157 1255 248 1320; x_wconf 78' lang='lat' dir='ltr'><strong>lei.</strong></span> <span class='ocrx_word' id='word_1_30' title='bbox 265 1251 326 1330; x_wconf 63' lang='lat' dir='ltr'><strong>X„</strong></span> <span class='ocrx_word' id='word_1_31' title='bbox 351 1251 408 1339; x_wconf 92' lang='lat' dir='ltr'><strong>qui</strong></span> <span class='ocrx_word' id='word_1_32' title='bbox 426 1251 468 1315; x_wconf 90' lang='lat' dir='ltr'><strong>ad</strong></span> <span class='ocrx_word' id='word_1_33' title='bbox 491 1272 609 1317; x_wconf 87' lang='lat' dir='ltr'><strong>annum</strong></span> <span class='ocrx_word' id='word_1_34' title='bbox 632 1264 828 1338; x_wconf 77' lang='lat' dir='ltr'><strong>sequentem</strong></span> <span class='ocrx_word' id='word_1_35' title='bbox 849 1251 907 1319; x_wconf 84' lang='lat' dir='ltr'><strong>de·</strong></span> 
     </span>
    </p>
   </div>
   <div class='ocr_carea' id='block_1_3' title="bbox 157 1353 354 1421">
    <p class='ocr_par' dir='ltr' id='par_1_3' title="bbox 157 1353 354 1421">
     <span class='ocr_line' id='line_1_8' title="bbox 157 1353 354 1421; baseline 0 -2"><span class='ocrx_word' id='word_1_36' title='bbox 157 1353 354 1421; x_wconf 80' lang='lat' dir='ltr'><strong>scribentur.</strong></span> 
     </span>
    </p>
   </div>
   <div class='ocr_carea' id='block_1_4' title="bbox 222 1537 849 1841">
    <p class='ocr_par' dir='ltr' id='par_1_4' title="bbox 222 1537 849 1841">
     <span class='ocr_line' id='line_1_9' title="bbox 346 1537 719 1632; baseline -0.011 -30"><span class='ocrx_word' id='word_1_37' title='bbox 346 1541 387 1602; x_wconf 78' lang='lat' dir='ltr'><strong>V.</strong></span> <span class='ocrx_word' id='word_1_38' title='bbox 406 1537 442 1632; x_wconf 71' lang='lat' dir='ltr'><strong>G.</strong></span> <span class='ocrx_word' id='word_1_39' title='bbox 460 1543 523 1621; x_wconf 68' lang='lat'><strong>742</strong></span> <span class='ocrx_word' id='word_1_40' title='bbox 544 1537 593 1603; x_wconf 87' lang='lat' dir='ltr'><strong>A.</strong></span> <span class='ocrx_word' id='word_1_41' title='bbox 607 1537 652 1603; x_wconf 81' lang='lat' dir='ltr'><strong>X.</strong></span> <span class='ocrx_word' id='word_1_42' title='bbox 673 1550 719 1600; x_wconf 78' lang='lat' dir='ltr'><strong>tu.</strong></span> 
     </span>
     <span class='ocr_line' id='line_1_10' title="bbox 222 1655 849 1723; baseline -0.005 0"><span class='ocrx_word' id='word_1_43' title='bbox 222 1657 290 1723; x_wconf 75' lang='lat' dir='ltr'><strong>Te.</strong></span> <span class='ocrx_word' id='word_1_44' title='bbox 310 1661 347 1722; x_wconf 89' lang='lat' dir='ltr'><strong>P.</strong></span> <span class='ocrx_word' id='word_1_45' title='bbox 363 1657 430 1723; x_wconf 85' lang='lat' dir='ltr'><strong>XI.</strong></span> <span class='ocrx_word' id='word_1_46' title='bbox 444 1657 528 1721; x_wconf 87' lang='lat' dir='ltr'><em>XII.</em></span> <span class='ocrx_word' id='word_1_47' title='bbox 551 1656 647 1721; x_wconf 85' lang='lat' dir='ltr'><strong>COS.</strong></span> <span class='ocrx_word' id='word_1_48' title='bbox 663 1656 728 1722; x_wconf 85' lang='lat' dir='ltr'><strong>XI.</strong></span> <span class='ocrx_word' id='word_1_49' title='bbox 749 1655 849 1720; x_wconf 83' lang='lat' dir='ltr'><strong>IMP.</strong></span> 
     </span>
     <span class='ocr_line' id='line_1_11' title="bbox 465 1775 610 1841; baseline -0.014 -1"><span class='ocrx_word' id='word_1_50' title='bbox 465 1776 513 1841; x_wconf 87' lang='lat' dir='ltr'><strong>X.</strong></span> <span class='ocrx_word' id='word_1_51' title='bbox 530 1775 610 1840; x_wconf 85' lang='lat' dir='ltr'><strong>XI..</strong></span> 
     </span>
    </p>
   </div>
   <div class='ocr_carea' id='block_1_5' title="bbox 160 1909 906 2097">
    <p class='ocr_par' dir='ltr' id='par_1_5' title="bbox 160 1909 906 2097">
     <span class='ocr_line' id='line_1_12' title="bbox 160 1909 906 1995; baseline -0.008 -13"><span class='ocrx_word' id='word_1_52' title='bbox 160 1917 212 1985; x_wconf 80' lang='lat' dir='ltr'><strong>M.</strong></span> <span class='ocrx_word' id='word_1_53' title='bbox 227 1915 367 1982; x_wconf 68' lang='lat' dir='ltr'><strong>Valerio</strong></span> <span class='ocrx_word' id='word_1_54' title='bbox 385 1913 551 1978; x_wconf 80' lang='lat' dir='ltr'><em>Messalla</em></span> <span class='ocrx_word' id='word_1_55' title='bbox 570 1912 796 1992; x_wconf 56' lang='lat' dir='ltr'><strong>Barbarae.</strong></span> <span class='ocrx_word' id='word_1_56' title='bbox 812 1909 906 1995; x_wconf 83' lang='lat' dir='ltr'><strong>Sulp.</strong></span> 
     </span>
     <span class='ocr_line' id='line_1_13' title="bbox 417 2013 649 2097; baseline 0.009 -20"><span class='ocrx_word' id='word_1_57' title='bbox 417 2013 563 2097; x_wconf 78' lang='lat' dir='ltr'><strong>Quirino</strong></span> <span class='ocrx_word' id='word_1_58' title='bbox 582 2034 649 2079; x_wconf 87' lang='lat' dir='ltr'><strong>cos.</strong></span> 
     </span>
    </p>
   </div>
   <div class='ocr_carea' id='block_1_6' title="bbox 278 2181 800 2366">
    <p class='ocr_par' dir='ltr' id='par_1_6' title="bbox 278 2181 800 2366">
     <span class='ocr_line' id='line_1_14' title="bbox 472 2181 599 2245; baseline -0.008 -2"><span class='ocrx_word' id='word_1_59' title='bbox 472 2182 548 2244; x_wconf 84' lang='lat' dir='ltr'><strong>Inot‘</strong></span> <span class='ocrx_word' id='word_1_60' title='bbox 568 2181 599 2245; x_wconf 86' lang='lat' dir='ltr'><strong>t&#39;t</strong></span> 
     </span>
     <span class='ocr_line' id='line_1_15' title="bbox 278 2203 800 2366; baseline -0.01 -1"><span class='ocrx_word' id='word_1_61' title='bbox 278 2275 520 2365; x_wconf 63' lang='lat' dir='ltr'><strong>cornera</strong></span> <span class='ocrx_word' id='word_1_62' title='bbox 535 2203 800 2366; x_wconf 57' lang='lat' dir='ltr'><strong>barura,</strong></span> 
     </span>
    </p>
   </div>
   <div class='ocr_carea' id='block_1_7' title="bbox 157 2463 908 2959">
    <p class='ocr_par' dir='ltr' id='par_1_7' title="bbox 157 2463 908 2959">
     <span class='ocr_line' id='line_1_16' title="bbox 221 2463 907 2550; baseline -0.003 -20"><span class='ocrx_word' id='word_1_63' title='bbox 221 2469 370 2550; x_wconf 77' lang='lat' dir='ltr'><strong>Agrippa</strong></span> <span class='ocrx_word' id='word_1_64' title='bbox 384 2465 545 2550; x_wconf 79' lang='lat' dir='ltr'><strong>repressis</strong></span> <span class='ocrx_word' id='word_1_65' title='bbox 561 2465 738 2529; x_wconf 79' lang='lat' dir='ltr'><strong>Pannoniis</strong></span> <span class='ocrx_word' id='word_1_66' title='bbox 752 2463 857 2530; x_wconf 81' lang='lat' dir='ltr'><strong>redux</strong></span> <span class='ocrx_word' id='word_1_67' title='bbox 871 2465 907 2528; x_wconf 90' lang='lat' dir='ltr'><strong>in</strong></span> 
     </span>
     <span class='ocr_line' id='line_1_17' title="bbox 159 2565 908 2652; baseline -0.012 -16"><span class='ocrx_word' id='word_1_68' title='bbox 159 2569 337 2652; x_wconf 79' lang='lat' dir='ltr'><strong>Campania</strong></span> <span class='ocrx_word' id='word_1_69' title='bbox 373 2568 602 2652; x_wconf 81' lang='lat' dir='ltr'><strong>exstinguitur.</strong></span> <span class='ocrx_word' id='word_1_70' title='bbox 644 2567 809 2650; x_wconf 82' lang='lat' dir='ltr'><strong>Augustus</strong></span> <span class='ocrx_word' id='word_1_71' title='bbox 840 2565 908 2650; x_wconf 92' lang='lat' dir='ltr'><strong>pri·</strong></span> 
     </span>
     <span class='ocr_line' id='line_1_18' title="bbox 157 2665 908 2756; baseline -0.013 -18"><span class='ocrx_word' id='word_1_72' title='bbox 157 2672 259 2756; x_wconf 72' lang='lat' dir='ltr'><strong>signo</strong></span> <span class='ocrx_word' id='word_1_73' title='bbox 283 2669 438 2744; x_wconf 84' lang='lat' dir='ltr'><strong>Tiberio,</strong></span> <span class='ocrx_word' id='word_1_74' title='bbox 469 2669 559 2755; x_wconf 90' lang='lat' dir='ltr'><strong>prius</strong></span> <span class='ocrx_word' id='word_1_75' title='bbox 581 2667 768 2753; x_wconf 84' lang='lat' dir='ltr'><strong>Vipsanium</strong></span> <span class='ocrx_word' id='word_1_76' title='bbox 789 2665 908 2751; x_wconf 73' lang='lat' dir='ltr'><strong>Agrip</strong></span> 
     </span>
     <span class='ocr_line' id='line_1_19' title="bbox 158 2762 907 2859; baseline -0.005 -22"><span class='ocrx_word' id='word_1_77' title='bbox 158 2776 269 2859; x_wconf 87' lang='lat' dir='ltr'><strong>pinam</strong></span> <span class='ocrx_word' id='word_1_78' title='bbox 299 2769 467 2857; x_wconf 81' lang='lat' dir='ltr'><strong>Agrippae</strong></span> <span class='ocrx_word' id='word_1_79' title='bbox 503 2785 536 2835; x_wconf 89' lang='lat' dir='ltr'><strong>ct</strong></span> <span class='ocrx_word' id='word_1_80' title='bbox 567 2762 768 2853; x_wconf 80' lang='lat' dir='ltr'><strong>Pomponiae</strong></span> <span class='ocrx_word' id='word_1_81' title='bbox 806 2768 907 2833; x_wconf 79' lang='lat' dir='ltr'><strong>liliam</strong></span> 
     </span>
     <span class='ocr_line' id='line_1_20' title="bbox 157 2864 906 2959; baseline -0.005 -20"><span class='ocrx_word' id='word_1_82' title='bbox 157 2872 335 2959; x_wconf 86' lang='lat' dir='ltr'><strong>repudiare</strong></span> <span class='ocrx_word' id='word_1_83' title='bbox 351 2864 462 2955; x_wconf 70' lang='lat' dir='ltr'><strong>jusso,</strong></span> <span class='ocrx_word' id='word_1_84' title='bbox 488 2872 601 2935; x_wconf 88' lang='lat' dir='ltr'><strong>Iuliam</strong></span> <span class='ocrx_word' id='word_1_85' title='bbox 622 2871 722 2934; x_wconf 86' lang='lat' dir='ltr'><strong>filiam</strong></span> <span class='ocrx_word' id='word_1_86' title='bbox 740 2872 906 2957; x_wconf 69' lang='lat' dir='ltr'><strong>Agrippae</strong></span> 
     </span>
    </p>
   </div>
   <div class='ocr_carea' id='block_1_8' title="bbox 1633 599 1712 664">
    <p class='ocr_par' dir='ltr' id='par_1_8' title="bbox 1633 599 1712 664">
     <span class='ocr_line' id='line_1_21' title="bbox 1633 599 1712 664; baseline 0.038 -3"><span class='ocrx_word' id='word_1_87' title='bbox 1633 599 1712 664; x_wconf 83' lang='lat' dir='ltr'><strong>tot·</strong></span> 
     </span>
    </p>
   </div>
   <div class='ocr_carea' id='block_1_9' title="bbox 960 741 1789 2145">
    <p class='ocr_par' dir='ltr' id='par_1_9' title="bbox 960 741 1789 2145">
     <span class='ocr_line' id='line_1_22' title="bbox 961 741 1789 834; baseline 0.008 -26"><span class='ocrx_word' id='word_1_88' title='bbox 961 765 1070 824; x_wconf 87' lang='lat' dir='ltr'><strong>mora,</strong></span> <span class='ocrx_word' id='word_1_89' title='bbox 1096 759 1180 830; x_wconf 88' lang='lat' dir='ltr'><strong>quae</strong></span> <span class='ocrx_word' id='word_1_90' title='bbox 1200 742 1284 808; x_wconf 85' lang='lat' dir='ltr'><strong>hano</strong></span> <span class='ocrx_word' id='word_1_91' title='bbox 1305 741 1495 830; x_wconf 85' lang='lat' dir='ltr'><strong>dignitatem</strong></span> <span class='ocrx_word' id='word_1_92' title='bbox 1515 745 1704 834; x_wconf 76' lang='lat' dir='ltr'><strong>inticipaut,</strong></span> <span class='ocrx_word' id='word_1_93' title='bbox 1785 818 1789 828; x_wconf 73' lang='grc'><em>,</em></span> 
     </span>
     <span class='ocr_line' id='line_1_23' title="bbox 961 845 1705 937; baseline 0.008 -28"><span class='ocrx_word' id='word_1_94' title='bbox 961 846 1049 910; x_wconf 88' lang='lat' dir='ltr'><strong>inter</strong></span> <span class='ocrx_word' id='word_1_95' title='bbox 1076 867 1158 932; x_wconf 86' lang='lat' dir='ltr'><strong>quae</strong></span> <span class='ocrx_word' id='word_1_96' title='bbox 1185 845 1396 931; x_wconf 87' lang='lat' dir='ltr'><strong>praecipuum</strong></span> <span class='ocrx_word' id='word_1_97' title='bbox 1418 861 1469 911; x_wconf 90' lang='lat' dir='ltr'><strong>est</strong></span> <span class='ocrx_word' id='word_1_98' title='bbox 1489 848 1588 928; x_wconf 90' lang='lat' dir='ltr'><strong>illud,</strong></span> <span class='ocrx_word' id='word_1_99' title='bbox 1615 851 1705 937; x_wconf 90' lang='lat' dir='ltr'><strong>quod</strong></span> 
     </span>
     <span class='ocr_line' id='line_1_24' title="bbox 962 947 1706 1034; baseline 0.007 -24"><span class='ocrx_word' id='word_1_100' title='bbox 962 947 1054 1012; x_wconf 80' lang='lat' dir='ltr'><strong>dedit</strong></span> <span class='ocrx_word' id='word_1_101' title='bbox 1085 948 1245 1011; x_wconf 86' lang='lat' dir='ltr'><strong>Gruterus</strong></span> <span class='ocrx_word' id='word_1_102' title='bbox 1267 949 1315 1031; x_wconf 71' lang='grc' dir='ltr'><strong>ο),</strong></span> <span class='ocrx_word' id='word_1_103' title='bbox 1345 961 1379 1012; x_wconf 88' lang='lat' dir='ltr'><strong>et</strong></span> <span class='ocrx_word' id='word_1_104' title='bbox 1409 948 1506 1013; x_wconf 87' lang='lat' dir='ltr'><strong>etiam</strong></span> <span class='ocrx_word' id='word_1_105' title='bbox 1535 965 1609 1034; x_wconf 87' lang='lat' dir='ltr'><strong>post</strong></span> <span class='ocrx_word' id='word_1_106' title='bbox 1634 965 1706 1015; x_wconf 90' lang='lat' dir='ltr'><strong>ten·</strong></span> 
     </span>
     <span class='ocr_line' id='line_1_25' title="bbox 960 1049 1707 1133; baseline 0.012 -22"><span class='ocrx_word' id='word_1_107' title='bbox 960 1061 1042 1114; x_wconf 88' lang='lat' dir='ltr'><strong>tatas</strong></span> <span class='ocrx_word' id='word_1_108' title='bbox 1072 1049 1298 1114; x_wconf 80' lang='lat' dir='ltr'><strong>correctiones</strong></span> <span class='ocrx_word' id='word_1_109' title='bbox 1325 1049 1448 1112; x_wconf 89' lang='lat' dir='ltr'><strong>Norisii</strong></span> <span class='ocrx_word' id='word_1_110' title='bbox 1469 1050 1514 1133; x_wconf 63' lang='grc' dir='ltr'><strong>ί),</strong></span> <span class='ocrx_word' id='word_1_111' title='bbox 1551 1066 1587 1116; x_wconf 87' lang='lat' dir='ltr'><strong>et</strong></span> <span class='ocrx_word' id='word_1_112' title='bbox 1614 1054 1707 1120; x_wconf 84' lang='lat' dir='ltr'><strong>chis-</strong></span> 
     </span>
     <span class='ocr_line' id='line_1_26' title="bbox 961 1149 1717 1238; baseline 0.015 -26"><span class='ocrx_word' id='word_1_113' title='bbox 961 1149 1045 1214; x_wconf 88' lang='lat' dir='ltr'><strong>bulli</strong></span> <span class='ocrx_word' id='word_1_114' title='bbox 1072 1153 1105 1234; x_wconf 82' lang='lat' dir='ltr'><strong>s)</strong></span> <span class='ocrx_word' id='word_1_115' title='bbox 1134 1149 1170 1213; x_wconf 88' lang='lat' dir='ltr'><strong>in</strong></span> <span class='ocrx_word' id='word_1_116' title='bbox 1197 1152 1283 1216; x_wconf 88' lang='lat' dir='ltr'><strong>notis</strong></span> <span class='ocrx_word' id='word_1_117' title='bbox 1318 1151 1563 1238; x_wconf 80' lang='lat' dir='ltr'><strong>chronologicis</strong></span> <span class='ocrx_word' id='word_1_118' title='bbox 1599 1155 1717 1222; x_wconf 88' lang='lat' dir='ltr'><strong>adbuc·</strong></span> 
     </span>
     <span class='ocr_line' id='line_1_27' title="bbox 962 1262 1748 1377; baseline 0.011 -60"><span class='ocrx_word' id='word_1_119' title='bbox 962 1263 1120 1359; x_wconf 33' lang='lat' dir='ltr'><strong>peceat..</strong></span> <span class='ocrx_word' id='word_1_120' title='bbox 1323 1333 1345 1377; x_wconf 35' lang='grc' dir='ltr'><strong><em>ὁ</em></strong></span> <span class='ocrx_word' id='word_1_121' title='bbox 1743 1262 1748 1273; x_wconf 76' lang='grc'><em>“</em></span> 
     </span>
     <span class='ocr_line' id='line_1_28' title="bbox 1220 1379 1766 1425; baseline 0.002 -2"><span class='ocrx_word' id='word_1_122' title='bbox 1220 1379 1245 1422; x_wconf 78' lang='lat' dir='ltr'><strong>e</strong></span> <span class='ocrx_word' id='word_1_123' title='bbox 1427 1383 1452 1425; x_wconf 79' lang='lat' dir='ltr'><strong>s</strong></span> <span class='ocrx_word' id='word_1_124' title='bbox 1762 1419 1766 1423; x_wconf 79' lang='grc'>,</span> 
     </span>
     <span class='ocr_line' id='line_1_29' title="bbox 1024 1451 1718 1544; baseline 0.012 -28"><span class='ocrx_word' id='word_1_125' title='bbox 1024 1451 1080 1516; x_wconf 84' lang='lat' dir='ltr'><strong>Ad</strong></span> <span class='ocrx_word' id='word_1_126' title='bbox 1096 1452 1182 1544; x_wconf 78' lang='lat' dir='ltr'><strong>bopo</strong></span> <span class='ocrx_word' id='word_1_127' title='bbox 1197 1475 1316 1518; x_wconf 86' lang='lat' dir='ltr'><strong>annum</strong></span> <span class='ocrx_word' id='word_1_128' title='bbox 1333 1453 1373 1518; x_wconf 89' lang='lat' dir='ltr'><strong>ab</strong></span> <span class='ocrx_word' id='word_1_129' title='bbox 1390 1455 1528 1522; x_wconf 84' lang='lat' dir='ltr'><strong>eruditis</strong></span> <span class='ocrx_word' id='word_1_130' title='bbox 1543 1457 1718 1526; x_wconf 79' lang='lat' dir='ltr'><strong>collocor--</strong></span> 
     </span>
     <span class='ocr_line' id='line_1_30' title="bbox 962 1545 1708 1642; baseline 0.009 -22"><span class='ocrx_word' id='word_1_131' title='bbox 962 1569 1017 1620; x_wconf 91' lang='lat' dir='ltr'><strong>tur</strong></span> <span class='ocrx_word' id='word_1_132' title='bbox 1044 1545 1151 1634; x_wconf 78' lang='lat' dir='ltr'><strong>numi,</strong></span> <span class='ocrx_word' id='word_1_133' title='bbox 1179 1556 1236 1642; x_wconf 91' lang='lat' dir='ltr'><strong>qui</strong></span> <span class='ocrx_word' id='word_1_134' title='bbox 1255 1558 1439 1640; x_wconf 89' lang='lat' dir='ltr'><strong>Augustum</strong></span> <span class='ocrx_word' id='word_1_135' title='bbox 1463 1560 1708 1627; x_wconf 83' lang='lat' dir='ltr'><strong>IMPerotorem</strong></span> 
     </span>
     <span class='ocr_line' id='line_1_31' title="bbox 963 1657 1704 1742; baseline 0.011 -23"><span class='ocrx_word' id='word_1_136' title='bbox 963 1658 1003 1719; x_wconf 88' lang='lat' dir='ltr'><strong>X.</strong></span> <span class='ocrx_word' id='word_1_137' title='bbox 1022 1657 1150 1734; x_wconf 88' lang='lat' dir='ltr'><strong>dicunt,</strong></span> <span class='ocrx_word' id='word_1_138' title='bbox 1177 1671 1214 1719; x_wconf 85' lang='lat' dir='ltr'><strong>nt</strong></span> <span class='ocrx_word' id='word_1_139' title='bbox 1234 1670 1267 1721; x_wconf 91' lang='lat' dir='ltr'><strong>et</strong></span> <span class='ocrx_word' id='word_1_140' title='bbox 1290 1658 1331 1736; x_wconf 90' lang='lat' dir='ltr'><strong>ii,</strong></span> <span class='ocrx_word' id='word_1_141' title='bbox 1354 1659 1522 1742; x_wconf 90' lang='lat' dir='ltr'><strong>inquibus</strong></span> <span class='ocrx_word' id='word_1_142' title='bbox 1547 1673 1597 1723; x_wconf 89' lang='lat' dir='ltr'><strong>est</strong></span> <span class='ocrx_word' id='word_1_143' title='bbox 1615 1663 1704 1727; x_wconf 77' lang='lat' dir='ltr'><strong>taff.</strong></span> 
     </span>
     <span class='ocr_line' id='line_1_32' title="bbox 963 1759 1710 1845; baseline 0.011 -25"><span class='ocrx_word' id='word_1_144' title='bbox 963 1759 1019 1824; x_wconf 81' lang='lat' dir='ltr'><strong>XI.</strong></span> <span class='ocrx_word' id='word_1_145' title='bbox 1049 1761 1166 1845; x_wconf 86' lang='lat' dir='ltr'><strong>Neque</strong></span> <span class='ocrx_word' id='word_1_146' title='bbox 1188 1759 1341 1837; x_wconf 85' lang='lat' dir='ltr'><strong>historia,</strong></span> <span class='ocrx_word' id='word_1_147' title='bbox 1367 1781 1476 1844; x_wconf 89' lang='lat' dir='ltr'><strong>nequo</strong></span> <span class='ocrx_word' id='word_1_148' title='bbox 1500 1778 1710 1828; x_wconf 86' lang='lat' dir='ltr'><strong>monumenta</strong></span> 
     </span>
     <span class='ocr_line' id='line_1_33' title="bbox 963 1860 1708 1944; baseline 0.008 -20"><span class='ocrx_word' id='word_1_149' title='bbox 963 1874 1163 1944; x_wconf 80' lang='lat' dir='ltr'><strong>repugnant,</strong></span> <span class='ocrx_word' id='word_1_150' title='bbox 1188 1874 1225 1923; x_wconf 90' lang='lat' dir='ltr'><strong>ut</strong></span> <span class='ocrx_word' id='word_1_151' title='bbox 1248 1860 1375 1926; x_wconf 88' lang='lat' dir='ltr'><strong>dicetur</strong></span> <span class='ocrx_word' id='word_1_152' title='bbox 1394 1861 1429 1924; x_wconf 88' lang='lat' dir='ltr'><strong>in</strong></span> <span class='ocrx_word' id='word_1_153' title='bbox 1451 1861 1517 1927; x_wconf 82' lang='lat' dir='ltr'><strong>fine</strong></span> <span class='ocrx_word' id='word_1_154' title='bbox 1535 1860 1595 1926; x_wconf 91' lang='lat' dir='ltr'><strong>sub</strong></span> <span class='ocrx_word' id='word_1_155' title='bbox 1611 1864 1708 1930; x_wconf 88' lang='lat' dir='ltr'><strong>titulo</strong></span> 
     </span>
     <span class='ocr_line' id='line_1_34' title="bbox 964 1961 1161 2045; baseline 0.01 -21"><span class='ocrx_word' id='word_1_156' title='bbox 964 1961 1161 2045; x_wconf 83' lang='lat' dir='ltr'><strong>Imperator.</strong></span> 
     </span>
     <span class='ocr_line' id='line_1_35' title="bbox 1125 2062 1724 2145; baseline 0.005 -20"><span class='ocrx_word' id='word_1_157' title='bbox 1125 2062 1371 2136; x_wconf 77' lang='lat' dir='ltr'><strong>Avovsrvs.</strong></span> <span class='ocrx_word' id='word_1_158' title='bbox 1393 2065 1498 2137; x_wconf 82' lang='lat' dir='ltr'><strong>DIVI.</strong></span> <span class='ocrx_word' id='word_1_159' title='bbox 1520 2064 1561 2135; x_wconf 79' lang='lat' dir='ltr'><strong>F.</strong></span> <span class='ocrx_word' id='word_1_160' title='bbox 1600 2065 1724 2145; x_wconf 77' lang='lat' dir='ltr'><strong>Caput·</strong></span> 
     </span>
    </p>
   </div>
   <div class='ocr_carea' id='block_1_10' title="bbox 1128 2167 1278 2232">
    <p class='ocr_par' dir='ltr' id='par_1_10' title="bbox 1128 2167 1278 2232">
     <span class='ocr_line' id='line_1_36' title="bbox 1128 2167 1278 2232; baseline -0.027 -6"><span class='ocrx_word' id='word_1_161' title='bbox 1128 2167 1278 2232; x_wconf 82' lang='lat' dir='ltr'><strong>nudam..</strong></span> 
     </span>
    </p>
   </div>
   <div class='ocr_carea' id='block_1_11' title="bbox 924 2219 1735 2348">
    <p class='ocr_par' dir='ltr' id='par_1_11' title="bbox 924 2219 1735 2348">
     <span class='ocr_line' id='line_1_37' title="bbox 924 2219 1735 2348; baseline 0.004 -21"><span class='ocrx_word' id='word_1_162' title='bbox 924 2219 1051 2327; x_wconf 47' lang='lat' dir='ltr'><strong>Trite.</strong></span> <span class='ocrx_word' id='word_1_163' title='bbox 1071 2263 1115 2330; x_wconf 87' lang='lat' dir='ltr'><strong>x.</strong></span> <span class='ocrx_word' id='word_1_164' title='bbox 1134 2266 1235 2333; x_wconf 79' lang='lat' dir='ltr'><strong>acu.</strong></span> <span class='ocrx_word' id='word_1_165' title='bbox 1264 2267 1392 2348; x_wconf 75' lang='lat' dir='ltr'><strong>Apollo</strong></span> <span class='ocrx_word' id='word_1_166' title='bbox 1415 2268 1544 2331; x_wconf 67' lang='lat' dir='ltr'><strong>Aestus</strong></span> <span class='ocrx_word' id='word_1_167' title='bbox 1563 2267 1710 2331; x_wconf 72' lang='lat' dir='ltr'><strong>satam</strong></span> <span class='ocrx_word' id='word_1_168' title='bbox 1732 2308 1735 2318; x_wconf 76' lang='grc'>.</span> 
     </span>
    </p>
   </div>
   <div class='ocr_carea' id='block_1_12' title="bbox 963 2353 1712 2857">
    <p class='ocr_par' dir='ltr' id='par_1_12' title="bbox 963 2353 1712 2857">
     <span class='ocr_line' id='line_1_38' title="bbox 963 2353 1710 2452; baseline 0.003 -23"><span class='ocrx_word' id='word_1_169' title='bbox 963 2377 1059 2429; x_wconf 82' lang='lat' dir='ltr'><strong>stans</strong></span> <span class='ocrx_word' id='word_1_170' title='bbox 1084 2367 1116 2430; x_wconf 82' lang='lat' dir='ltr'><strong>d.</strong></span> <span class='ocrx_word' id='word_1_171' title='bbox 1137 2353 1326 2447; x_wconf 66' lang='lat' dir='ltr'><strong>plectrum,</strong></span> <span class='ocrx_word' id='word_1_172' title='bbox 1344 2389 1372 2452; x_wconf 67' lang='lat' dir='ltr'><strong>a.</strong></span> <span class='ocrx_word' id='word_1_173' title='bbox 1395 2369 1515 2450; x_wconf 71' lang='lat' dir='ltr'><strong>lyram</strong></span> <span class='ocrx_word' id='word_1_174' title='bbox 1542 2369 1615 2439; x_wconf 83' lang='lat' dir='ltr'><strong>AV.</strong></span> <span class='ocrx_word' id='word_1_175' title='bbox 1636 2368 1710 2433; x_wconf 79' lang='lat' dir='ltr'><strong>att.</strong></span> 
     </span>
     <span class='ocr_line' id='line_1_39' title="bbox 965 2459 1618 2557; baseline 0.008 -29"><span class='ocrx_word' id='word_1_176' title='bbox 965 2467 1066 2548; x_wconf 85' lang='lat' dir='ltr'><strong>(Mus.</strong></span> <span class='ocrx_word' id='word_1_177' title='bbox 1084 2465 1193 2548; x_wconf 82' lang='lat' dir='ltr'><strong>Caes.)</strong></span> <span class='ocrx_word' id='word_1_178' title='bbox 1368 2543 1374 2557; x_wconf 31' lang='lat'>⁸</span> <span class='ocrx_word' id='word_1_179' title='bbox 1609 2459 1618 2470; x_wconf 49' lang='grc'><strong>“</strong></span> 
     </span>
     <span class='ocr_line' id='line_1_40' title="bbox 1029 2567 1712 2662; baseline 0.007 -33"><span class='ocrx_word' id='word_1_180' title='bbox 1029 2567 1193 2662; x_wconf 80' lang='lat' dir='ltr'><strong>Quantum</strong></span> <span class='ocrx_word' id='word_1_181' title='bbox 1206 2567 1355 2652; x_wconf 79' lang='lat' dir='ltr'><strong>Apollini</strong></span> <span class='ocrx_word' id='word_1_182' title='bbox 1367 2569 1464 2632; x_wconf 84' lang='lat' dir='ltr'><strong>Aetio</strong></span> <span class='ocrx_word' id='word_1_183' title='bbox 1480 2567 1633 2634; x_wconf 84' lang='lat' dir='ltr'><strong>debuerit</strong></span> <span class='ocrx_word' id='word_1_184' title='bbox 1645 2573 1712 2634; x_wconf 85' lang='lat' dir='ltr'><strong>Au·</strong></span> 
     </span>
     <span class='ocr_line' id='line_1_41' title="bbox 966 2668 1710 2764; baseline 0.004 -34"><span class='ocrx_word' id='word_1_185' title='bbox 966 2668 1234 2753; x_wconf 46' lang='lat' dir='ltr'><strong>gustus,‚inutils</strong></span> <span class='ocrx_word' id='word_1_186' title='bbox 1252 2683 1418 2754; x_wconf 88' lang='lat' dir='ltr'><strong>repetere.</strong></span> <span class='ocrx_word' id='word_1_187' title='bbox 1447 2671 1513 2764; x_wconf 77' lang='lat' dir='ltr'><strong>Qui</strong></span> <span class='ocrx_word' id='word_1_188' title='bbox 1529 2691 1591 2756; x_wconf 93' lang='lat' dir='ltr'><strong>pro</strong></span> <span class='ocrx_word' id='word_1_189' title='bbox 1607 2672 1710 2756; x_wconf 90' lang='lat' dir='ltr'><strong>Apol·</strong></span> 
     </span>
     <span class='ocr_line' id='line_1_42' title="bbox 964 2769 1711 2857; baseline 0.011 -27"><span class='ocrx_word' id='word_1_190' title='bbox 964 2769 1033 2833; x_wconf 91' lang='lat' dir='ltr'><strong>linc</strong></span> <span class='ocrx_word' id='word_1_191' title='bbox 1056 2774 1182 2834; x_wconf 84' lang='lat' dir='ltr'><strong>Musam</strong></span> <span class='ocrx_word' id='word_1_192' title='bbox 1205 2771 1239 2832; x_wconf 93' lang='lat' dir='ltr'><strong>in</strong></span> <span class='ocrx_word' id='word_1_193' title='bbox 1259 2771 1323 2834; x_wconf 91' lang='lat' dir='ltr'><strong>hoc</strong></span> <span class='ocrx_word' id='word_1_194' title='bbox 1342 2793 1442 2835; x_wconf 90' lang='lat' dir='ltr'><strong>numo</strong></span> <span class='ocrx_word' id='word_1_195' title='bbox 1463 2772 1614 2837; x_wconf 89' lang='lat' dir='ltr'><strong>exhiberi</strong></span> <span class='ocrx_word' id='word_1_196' title='bbox 1635 2794 1711 2857; x_wconf 89' lang='lat' dir='ltr'><strong>pro·</strong></span> 
     </span>
    </p>
   </div>
   <div class='ocr_carea' id='block_1_13' title="bbox 965 2864 1843 2959">
    <p class='ocr_par' dir='ltr' id='par_1_13' title="bbox 965 2864 1843 2959">
     <span class='ocr_line' id='line_1_43' title="bbox 965 2864 1843 2959; baseline 0.005 -25"><span class='ocrx_word' id='word_1_197' title='bbox 965 2884 1041 2955; x_wconf 88' lang='lat' dir='ltr'><strong>pter</strong></span> <span class='ocrx_word' id='word_1_198' title='bbox 1065 2872 1188 2935; x_wconf 88' lang='lat' dir='ltr'><strong>cultum</strong></span> <span class='ocrx_word' id='word_1_199' title='bbox 1210 2871 1408 2935; x_wconf 89' lang='lat' dir='ltr'><strong>muliebrem</strong></span> <span class='ocrx_word' id='word_1_200' title='bbox 1432 2887 1560 2957; x_wconf 91' lang='lat' dir='ltr'><strong>putant,</strong></span> <span class='ocrx_word' id='word_1_201' title='bbox 1588 2875 1712 2959; x_wconf 89' lang='lat' dir='ltr'><strong>patien·</strong></span> <span class='ocrx_word' id='word_1_202' title='bbox 1832 2864 1843 2876; x_wconf 71' lang='grc'>’</span> 
     </span>
    </p>
   </div>
   <div class='ocr_carea' id='block_1_14' title="bbox 155 2973 1808 4383">
    <p class='ocr_par' dir='ltr' id='par_1_14' title="bbox 155 2973 1808 4079">
     <span class='ocr_line' id='line_1_44' title="bbox 160 2973 1714 3059; baseline 0.001 -22"><span class='ocrx_word' id='word_1_203' title='bbox 160 2974 290 3043; x_wconf 72' lang='lat' dir='ltr'><strong>viduans</strong></span> <span class='ocrx_word' id='word_1_204' title='bbox 327 2973 529 3059; x_wconf 84' lang='lat' dir='ltr'><strong>despondet,</strong></span> <span class='ocrx_word' id='word_1_205' title='bbox 568 2987 602 3036; x_wconf 91' lang='lat' dir='ltr'><strong>et</strong></span> <span class='ocrx_word' id='word_1_206' title='bbox 632 2994 718 3037; x_wconf 88' lang='lat' dir='ltr'><strong>auno</strong></span> <span class='ocrx_word' id='word_1_207' title='bbox 748 2986 908 3057; x_wconf 89' lang='lat' dir='ltr'><strong>sequente</strong></span> <span class='ocrx_word' id='word_1_208' title='bbox 965 2986 1020 3037; x_wconf 89' lang='lat' dir='ltr'><strong>ter</strong></span> <span class='ocrx_word' id='word_1_209' title='bbox 1038 2974 1160 3047; x_wconf 80' lang='lat' dir='ltr'><strong>ferant,</strong></span> <span class='ocrx_word' id='word_1_210' title='bbox 1177 2992 1215 3035; x_wconf 88' lang='lat' dir='ltr'><strong>se</strong></span> <span class='ocrx_word' id='word_1_211' title='bbox 1230 2994 1330 3036; x_wconf 89' lang='lat' dir='ltr'><strong>numo</strong></span> <span class='ocrx_word' id='word_1_212' title='bbox 1345 2973 1451 3056; x_wconf 89' lang='lat' dir='ltr'><strong>gentis</strong></span> <span class='ocrx_word' id='word_1_213' title='bbox 1467 2975 1627 3038; x_wconf 80' lang='lat' dir='ltr'><strong>Antistiae</strong></span> <span class='ocrx_word' id='word_1_214' title='bbox 1641 2977 1714 3057; x_wconf 90' lang='lat' dir='ltr'><strong>ple-</strong></span> 
     </span>
     <span class='ocr_line' id='line_1_45' title="bbox 160 3069 1713 3161; baseline -0.003 -20"><span class='ocrx_word' id='word_1_215' title='bbox 160 3076 370 3141; x_wconf 79' lang='lat' dir='ltr'><strong>matrimonio</strong></span> <span class='ocrx_word' id='word_1_216' title='bbox 394 3076 500 3161; x_wconf 81' lang='lat' dir='ltr'><strong>jungit</strong></span> <span class='ocrx_word' id='word_1_217' title='bbox 521 3072 568 3158; x_wconf 77' lang='lat' dir='ltr'><strong>b).</strong></span> <span class='ocrx_word' id='word_1_218' title='bbox 606 3074 759 3138; x_wconf 84' lang='lat' dir='ltr'><strong>Tiberius</strong></span> <span class='ocrx_word' id='word_1_219' title='bbox 783 3076 910 3137; x_wconf 90' lang='lat' dir='ltr'><strong>Panno·</strong></span> <span class='ocrx_word' id='word_1_220' title='bbox 966 3073 1083 3136; x_wconf 84' lang='lat' dir='ltr'><strong>nisime</strong></span> <span class='ocrx_word' id='word_1_221' title='bbox 1109 3069 1279 3157; x_wconf 78' lang='lat' dir='ltr'><strong>redargui,</strong></span> <span class='ocrx_word' id='word_1_222' title='bbox 1310 3074 1432 3158; x_wconf 90' lang='lat' dir='ltr'><strong>inquo</strong></span> <span class='ocrx_word' id='word_1_223' title='bbox 1458 3076 1547 3158; x_wconf 86' lang='lat' dir='ltr'><strong>juxta</strong></span> <span class='ocrx_word' id='word_1_224' title='bbox 1571 3074 1713 3137; x_wconf 82' lang='lat' dir='ltr'><strong>similem</strong></span> 
     </span>
     <span class='ocr_line' id='line_1_46' title="bbox 159 3170 1710 3259; baseline 0.001 -18"><span class='ocrx_word' id='word_1_225' title='bbox 159 3182 252 3256; x_wconf 87' lang='lat' dir='ltr'><strong>nios,</strong></span> <span class='ocrx_word' id='word_1_226' title='bbox 284 3180 413 3239; x_wconf 84' lang='lat' dir='ltr'><strong>Drusus</strong></span> <span class='ocrx_word' id='word_1_227' title='bbox 436 3178 621 3242; x_wconf 77' lang='lat' dir='ltr'><strong>Sicambros</strong></span> <span class='ocrx_word' id='word_1_228' title='bbox 647 3192 682 3241; x_wconf 90' lang='lat' dir='ltr'><strong>ct</strong></span> <span class='ocrx_word' id='word_1_229' title='bbox 701 3175 826 3239; x_wconf 84' lang='lat' dir='ltr'><strong>Frisios</strong></span> <span class='ocrx_word' id='word_1_230' title='bbox 855 3170 912 3239; x_wconf 91' lang='lat' dir='ltr'><strong>do·</strong></span> <span class='ocrx_word' id='word_1_231' title='bbox 967 3173 1105 3256; x_wconf 81' lang='lat' dir='ltr'><strong>figuram</strong></span> <span class='ocrx_word' id='word_1_232' title='bbox 1134 3175 1284 3237; x_wconf 87' lang='lat' dir='ltr'><strong>stolatam</strong></span> <span class='ocrx_word' id='word_1_233' title='bbox 1312 3176 1452 3259; x_wconf 87' lang='lat' dir='ltr'><strong>legitur:</strong></span> <span class='ocrx_word' id='word_1_234' title='bbox 1489 3176 1710 3242; x_wconf 84' lang='lat' dir='ltr'><strong>APOLLINI.</strong></span> 
     </span>
     <span class='ocr_line' id='line_1_47' title="bbox 155 3276 1712 3364; baseline -0.004 -19"><span class='ocrx_word' id='word_1_235' title='bbox 155 3293 239 3345; x_wconf 69' lang='lat' dir='ltr'><strong>msa</strong></span> <span class='ocrx_word' id='word_1_236' title='bbox 273 3279 441 3363; x_wconf 84' lang='lat' dir='ltr'><strong>Augustus</strong></span> <span class='ocrx_word' id='word_1_237' title='bbox 470 3278 506 3341; x_wconf 90' lang='lat' dir='ltr'><strong>in</strong></span> <span class='ocrx_word' id='word_1_238' title='bbox 536 3279 647 3343; x_wconf 90' lang='lat' dir='ltr'><strong>locum</strong></span> <span class='ocrx_word' id='word_1_239' title='bbox 675 3278 797 3343; x_wconf 89' lang='lat' dir='ltr'><strong>mortui</strong></span> <span class='ocrx_word' id='word_1_240' title='bbox 826 3298 911 3343; x_wconf 83' lang='lat' dir='ltr'><strong>anno</strong></span> <span class='ocrx_word' id='word_1_241' title='bbox 967 3276 1117 3343; x_wconf 85' lang='lat' dir='ltr'><strong>ACTIO.</strong></span> <span class='ocrx_word' id='word_1_242' title='bbox 1147 3278 1245 3364; x_wconf 54' lang='lat' dir='ltr'><strong>⁴Nota</strong></span> <span class='ocrx_word' id='word_1_243' title='bbox 1275 3290 1326 3341; x_wconf 89' lang='lat' dir='ltr'><strong>est</strong></span> <span class='ocrx_word' id='word_1_244' title='bbox 1358 3276 1641 3354; x_wconf 84' lang='lat' dir='ltr'><strong>citharoedorum,</strong></span> <span class='ocrx_word' id='word_1_245' title='bbox 1677 3292 1712 3340; x_wconf 87' lang='lat' dir='ltr'><strong>et</strong></span> 
     </span>
     <span class='ocr_line' id='line_1_48' title="bbox 159 3378 1715 3467; baseline -0.004 -21"><span class='ocrx_word' id='word_1_246' title='bbox 159 3380 400 3467; x_wconf 82' lang='lat' dir='ltr'><strong>praecedente·</strong></span> <span class='ocrx_word' id='word_1_247' title='bbox 416 3381 535 3467; x_wconf 87' lang='lat' dir='ltr'><strong>Lepidi</strong></span> <span class='ocrx_word' id='word_1_248' title='bbox 563 3382 786 3466; x_wconf 87' lang='lat' dir='ltr'><strong>pontificatum</strong></span> <span class='ocrx_word' id='word_1_249' title='bbox 814 3380 913 3444; x_wconf 85' lang='lat' dir='ltr'><strong>maxi·</strong></span> <span class='ocrx_word' id='word_1_250' title='bbox 968 3378 1130 3462; x_wconf 81' lang='lat' dir='ltr'><strong>Apollinis</strong></span> <span class='ocrx_word' id='word_1_251' title='bbox 1163 3378 1346 3442; x_wconf 82' lang='lat' dir='ltr'><strong>citharoedi</strong></span> <span class='ocrx_word' id='word_1_252' title='bbox 1375 3378 1476 3457; x_wconf 91' lang='lat' dir='ltr'><strong>stola,</strong></span> <span class='ocrx_word' id='word_1_253' title='bbox 1520 3380 1590 3444; x_wconf 83' lang='lat' dir='ltr'><strong>sive</strong></span> <span class='ocrx_word' id='word_1_254' title='bbox 1627 3379 1715 3465; x_wconf 88' lang='lat' dir='ltr'><strong>palla</strong></span> 
     </span>
     <span class='ocr_line' id='line_1_49' title="bbox 157 3465 1712 3567; baseline -0.002 -20"><span class='ocrx_word' id='word_1_255' title='bbox 157 3505 251 3547; x_wconf 87' lang='lat' dir='ltr'><strong>mum</strong></span> <span class='ocrx_word' id='word_1_256' title='bbox 281 3482 418 3567; x_wconf 86' lang='lat' dir='ltr'><strong>suscipit</strong></span> <span class='ocrx_word' id='word_1_257' title='bbox 446 3503 543 3566; x_wconf 85' lang='lat' dir='ltr'><strong>saepe</strong></span> <span class='ocrx_word' id='word_1_258' title='bbox 567 3504 608 3546; x_wconf 94' lang='lat' dir='ltr'><strong>eo</strong></span> <span class='ocrx_word' id='word_1_259' title='bbox 630 3483 736 3548; x_wconf 89' lang='lat' dir='ltr'><strong>adbuc</strong></span> <span class='ocrx_word' id='word_1_260' title='bbox 757 3481 833 3550; x_wconf 83' lang='lat' dir='ltr'><strong>vivo</strong></span> <span class='ocrx_word' id='word_1_261' title='bbox 855 3465 919 3547; x_wconf 60' lang='lat' dir='ltr'><strong>ob·¹</strong></span> <span class='ocrx_word' id='word_1_262' title='bbox 970 3501 1043 3545; x_wconf 91' lang='lat' dir='ltr'><strong>cum</strong></span> <span class='ocrx_word' id='word_1_263' title='bbox 1065 3501 1108 3544; x_wconf 82' lang='lat' dir='ltr'><strong>cx</strong></span> <span class='ocrx_word' id='word_1_264' title='bbox 1128 3480 1365 3561; x_wconf 83' lang='lat' dir='ltr'><strong>monumentis,</strong></span> <span class='ocrx_word' id='word_1_265' title='bbox 1395 3495 1464 3543; x_wconf 86' lang='lat' dir='ltr'><strong>tum</strong></span> <span class='ocrx_word' id='word_1_266' title='bbox 1486 3481 1712 3567; x_wconf 84' lang='lat' dir='ltr'><strong>scriptoribus.</strong></span> 
     </span>
     <span class='ocr_line' id='line_1_50' title="bbox 158 3579 1715 3670; baseline -0.001 -23"><span class='ocrx_word' id='word_1_267' title='bbox 158 3588 281 3663; x_wconf 86' lang='lat' dir='ltr'><strong>latum,</strong></span> <span class='ocrx_word' id='word_1_268' title='bbox 311 3605 445 3669; x_wconf 87' lang='lat' dir='ltr'><strong>semper</strong></span> <span class='ocrx_word' id='word_1_269' title='bbox 465 3598 665 3664; x_wconf 91' lang='lat' dir='ltr'><strong>recusatum,</strong></span> <span class='ocrx_word' id='word_1_270' title='bbox 695 3585 848 3670; x_wconf 89' lang='lat' dir='ltr'><strong>quoniam</strong></span> <span class='ocrx_word' id='word_1_271' title='bbox 870 3606 912 3649; x_wconf 88' lang='lat' dir='ltr'><strong>ex</strong></span> <span class='ocrx_word' id='word_1_272' title='bbox 969 3579 1055 3651; x_wconf 83' lang='lat' dir='ltr'><strong>Vide</strong></span> <span class='ocrx_word' id='word_1_273' title='bbox 1094 3581 1180 3646; x_wconf 84' lang='lat' dir='ltr'><strong>iufra</strong></span> <span class='ocrx_word' id='word_1_274' title='bbox 1215 3602 1331 3645; x_wconf 89' lang='lat' dir='ltr'><strong>numos</strong></span> <span class='ocrx_word' id='word_1_275' title='bbox 1365 3583 1507 3645; x_wconf 88' lang='lat' dir='ltr'><strong>Neronis</strong></span> <span class='ocrx_word' id='word_1_276' title='bbox 1539 3583 1715 3667; x_wconf 90' lang='lat' dir='ltr'><strong>inscriptos</strong></span> 
     </span>
     <span class='ocr_line' id='line_1_51' title="bbox 159 3673 1808 3771; baseline -0.002 -22"><span class='ocrx_word' id='word_1_277' title='bbox 159 3688 241 3771; x_wconf 87' lang='lat' dir='ltr'><strong>lege</strong></span> <span class='ocrx_word' id='word_1_278' title='bbox 263 3687 394 3749; x_wconf 91' lang='lat' dir='ltr'><strong>nonnisi</strong></span> <span class='ocrx_word' id='word_1_279' title='bbox 415 3708 480 3770; x_wconf 89' lang='lat' dir='ltr'><strong>per</strong></span> <span class='ocrx_word' id='word_1_280' title='bbox 499 3687 633 3750; x_wconf 90' lang='lat' dir='ltr'><strong>alterins</strong></span> <span class='ocrx_word' id='word_1_281' title='bbox 655 3700 796 3750; x_wconf 88' lang='lat' dir='ltr'><strong>mortem</strong></span> <span class='ocrx_word' id='word_1_282' title='bbox 821 3707 913 3753; x_wconf 82' lang='lat' dir='ltr'><strong>saca·</strong></span> <span class='ocrx_word' id='word_1_283' title='bbox 969 3683 1103 3747; x_wconf 87' lang='lat' dir='ltr'><strong>PONT.</strong></span> <span class='ocrx_word' id='word_1_284' title='bbox 1117 3683 1242 3760; x_wconf 65' lang='lat' dir='ltr'><strong>Max,</strong></span> <span class='ocrx_word' id='word_1_285' title='bbox 1265 3696 1386 3746; x_wconf 89' lang='lat' dir='ltr'><strong>tumet</strong></span> <span class='ocrx_word' id='word_1_286' title='bbox 1404 3683 1567 3767; x_wconf 83' lang='lat' dir='ltr'><strong>insignem</strong></span> <span class='ocrx_word' id='word_1_287' title='bbox 1580 3704 1716 3746; x_wconf 88' lang='lat' dir='ltr'><strong>numum</strong></span> <span class='ocrx_word' id='word_1_288' title='bbox 1737 3673 1747 3689; x_wconf 77' lang='lat'><em>⁰</em></span> <span class='ocrx_word' id='word_1_289' title='bbox 1795 3694 1808 3707; x_wconf 64' lang='lat'>⁸</span> 
     </span>
     <span class='ocr_line' id='line_1_52' title="bbox 160 3782 1795 3868; baseline -0.005 -15"><span class='ocrx_word' id='word_1_290' title='bbox 160 3790 232 3854; x_wconf 88' lang='lat' dir='ltr'><strong>bat.</strong></span> <span class='ocrx_word' id='word_1_291' title='bbox 274 3791 444 3855; x_wconf 85' lang='lat' dir='ltr'><strong>Hactenus</strong></span> <span class='ocrx_word' id='word_1_292' title='bbox 477 3789 576 3852; x_wconf 90' lang='lat' dir='ltr'><strong>initus</strong></span> <span class='ocrx_word' id='word_1_293' title='bbox 607 3788 661 3851; x_wconf 89' lang='lat' dir='ltr'><strong>hic</strong></span> <span class='ocrx_word' id='word_1_294' title='bbox 692 3789 812 3851; x_wconf 90' lang='lat' dir='ltr'><strong>bonos·</strong></span> <span class='ocrx_word' id='word_1_295' title='bbox 828 3809 912 3854; x_wconf 87' lang='lat' dir='ltr'><strong>auno</strong></span> <span class='ocrx_word' id='word_1_296' title='bbox 970 3784 1158 3867; x_wconf 85' lang='lat' dir='ltr'><strong>Hierapolis</strong></span> <span class='ocrx_word' id='word_1_297' title='bbox 1166 3784 1329 3867; x_wconf 78' lang='lat' dir='ltr'><strong>Pbrygiae</strong></span> <span class='ocrx_word' id='word_1_298' title='bbox 1345 3782 1431 3868; x_wconf 84' lang='lat' dir='ltr'><strong>apud</strong></span> <span class='ocrx_word' id='word_1_299' title='bbox 1439 3783 1655 3848; x_wconf 87' lang='lat' dir='ltr'><strong>Pellerinium</strong></span> <span class='ocrx_word' id='word_1_300' title='bbox 1667 3782 1714 3865; x_wconf 57' lang='lat' dir='ltr'><strong>h),</strong></span> <span class='ocrx_word' id='word_1_301' title='bbox 1789 3853 1795 3860; x_wconf 44' lang='grc'>,</span> 
     </span>
     <span class='ocr_line' id='line_1_53' title="bbox 163 3886 1716 3978; baseline -0.006 -21"><span class='ocrx_word' id='word_1_302' title='bbox 163 3894 337 3978; x_wconf 83' lang='lat' dir='ltr'><strong>superiore</strong></span> <span class='ocrx_word' id='word_1_303' title='bbox 371 3890 588 3967; x_wconf 86' lang='lat' dir='ltr'><strong>credebatur,</strong></span> <span class='ocrx_word' id='word_1_304' title='bbox 626 3910 740 3956; x_wconf 82' lang='lat' dir='ltr'><strong>terum</strong></span> <span class='ocrx_word' id='word_1_305' title='bbox 769 3888 913 3973; x_wconf 88' lang='lat' dir='ltr'><strong>insignes</strong></span> <span class='ocrx_word' id='word_1_306' title='bbox 971 3888 1016 3950; x_wconf 87' lang='lat' dir='ltr'><strong>Et</strong></span> <span class='ocrx_word' id='word_1_307' title='bbox 1038 3886 1189 3951; x_wconf 81' lang='lat' dir='ltr'><strong>Tibullus</strong></span> <span class='ocrx_word' id='word_1_308' title='bbox 1213 3887 1351 3971; x_wconf 90' lang='lat' dir='ltr'><strong>loquens</strong></span> <span class='ocrx_word' id='word_1_309' title='bbox 1374 3887 1416 3950; x_wconf 90' lang='lat' dir='ltr'><strong>de</strong></span> <span class='ocrx_word' id='word_1_310' title='bbox 1439 3886 1595 3970; x_wconf 84' lang='lat' dir='ltr'><strong>Apolline</strong></span> <span class='ocrx_word' id='word_1_311' title='bbox 1616 3886 1716 3951; x_wconf 88' lang='lat' dir='ltr'><strong>citha·</strong></span> 
     </span>
     <span class='ocr_line' id='line_1_54' title="bbox 163 3985 1147 4079; baseline -0.006 -21"><span class='ocrx_word' id='word_1_312' title='bbox 163 3994 255 4058; x_wconf 79' lang='lat' dir='ltr'><strong>Fasti</strong></span> <span class='ocrx_word' id='word_1_313' title='bbox 280 3992 393 4063; x_wconf 81' lang='lat' dir='ltr'><strong>Verrii</strong></span> <span class='ocrx_word' id='word_1_314' title='bbox 415 4004 625 4079; x_wconf 88' lang='lat' dir='ltr'><strong>praesentem</strong></span> <span class='ocrx_word' id='word_1_315' title='bbox 653 3992 915 4076; x_wconf 70' lang='lat' dir='ltr'><strong>constituente).</strong></span> <span class='ocrx_word' id='word_1_316' title='bbox 972 3987 1079 4054; x_wconf 92' lang='lat' dir='ltr'><strong>roedo</strong></span> <span class='ocrx_word' id='word_1_317' title='bbox 1102 3985 1147 4071; x_wconf 83' lang='lat' dir='ltr'><strong>i)=</strong></span> 
     </span>
    </p>

    <p class='ocr_par' dir='ltr' id='par_1_15' title="bbox 162 4090 1719 4383">
     <span class='ocr_line' id='line_1_55' title="bbox 162 4090 1686 4179; baseline -0.005 -20"><span class='ocrx_word' id='word_1_318' title='bbox 162 4097 302 4177; x_wconf 84' lang='lat' dir='ltr'><strong>Factum</strong></span> <span class='ocrx_word' id='word_1_319' title='bbox 327 4093 417 4159; x_wconf 87' lang='lat' dir='ltr'><strong>istud</strong></span> <span class='ocrx_word' id='word_1_320' title='bbox 444 4094 553 4179; x_wconf 87' lang='lat' dir='ltr'><strong>pridie</strong></span> <span class='ocrx_word' id='word_1_321' title='bbox 575 4115 653 4161; x_wconf 91' lang='lat' dir='ltr'><strong>non.</strong></span> <span class='ocrx_word' id='word_1_322' title='bbox 676 4097 772 4158; x_wconf 85' lang='lat' dir='ltr'><strong>Mart.</strong></span> <span class='ocrx_word' id='word_1_323' title='bbox 795 4093 916 4159; x_wconf 91' lang='lat' dir='ltr'><strong>docen·</strong></span> <span class='ocrx_word' id='word_1_324' title='bbox 1037 4092 1111 4155; x_wconf 85' lang='lat' dir='ltr'><strong>Ima</strong></span> <span class='ocrx_word' id='word_1_325' title='bbox 1127 4092 1305 4155; x_wconf 79' lang='lat' dir='ltr'><strong>videbatur</strong></span> <span class='ocrx_word' id='word_1_326' title='bbox 1321 4092 1403 4154; x_wconf 79' lang='lat' dir='ltr'><strong>talis</strong></span> <span class='ocrx_word' id='word_1_327' title='bbox 1419 4090 1562 4155; x_wconf 79' lang='lat' dir='ltr'><strong>illudere</strong></span> <span class='ocrx_word' id='word_1_328' title='bbox 1574 4092 1686 4172; x_wconf 82' lang='lat' dir='ltr'><strong>pallo,</strong></span> 
     </span>
     <span class='ocr_line' id='line_1_56' title="bbox 163 4178 1719 4282; baseline -0.004 -22"><span class='ocrx_word' id='word_1_329' title='bbox 163 4198 251 4260; x_wconf 89' lang='lat' dir='ltr'><strong>tibus</strong></span> <span class='ocrx_word' id='word_1_330' title='bbox 268 4196 388 4262; x_wconf 87' lang='lat' dir='ltr'><strong>iisdem</strong></span> <span class='ocrx_word' id='word_1_331' title='bbox 407 4198 515 4275; x_wconf 82' lang='lat' dir='ltr'><strong>fastis,</strong></span> <span class='ocrx_word' id='word_1_332' title='bbox 539 4196 661 4261; x_wconf 77' lang='lat' dir='ltr'><strong>Ouidio</strong></span> <span class='ocrx_word' id='word_1_333' title='bbox 677 4193 727 4279; x_wconf 71' lang='lat' dir='ltr'><strong>d),</strong></span> <span class='ocrx_word' id='word_1_334' title='bbox 749 4209 784 4260; x_wconf 90' lang='lat' dir='ltr'><strong>et</strong></span> <span class='ocrx_word' id='word_1_335' title='bbox 800 4192 914 4263; x_wconf 76' lang='lat' dir='ltr'><strong>vcteie</strong></span> <span class='ocrx_word' id='word_1_336' title='bbox 1079 4178 1229 4273; x_wconf 76' lang='lat' dir='ltr'><strong>Namque</strong></span> <span class='ocrx_word' id='word_1_337' title='bbox 1245 4191 1330 4255; x_wconf 82' lang='lat' dir='ltr'><strong>boec</strong></span> <span class='ocrx_word' id='word_1_338' title='bbox 1343 4196 1380 4258; x_wconf 82' lang='lat' dir='ltr'><strong>s&#39;n</strong></span> <span class='ocrx_word' id='word_1_339' title='bbox 1398 4194 1505 4257; x_wconf 77' lang='lat' dir='ltr'><strong>nitido</strong></span> <span class='ocrx_word' id='word_1_340' title='bbox 1519 4214 1654 4282; x_wconf 78' lang='lat' dir='ltr'><strong>corpore</strong></span> <span class='ocrx_word' id='word_1_341' title='bbox 1667 4214 1719 4254; x_wconf 88' lang='lat' dir='ltr'><strong>ve-</strong></span> 
     </span>
     <span class='ocr_line' id='line_1_57' title="bbox 163 4296 1628 4383; baseline -0.008 -18"><span class='ocrx_word' id='word_1_342' title='bbox 163 4298 376 4365; x_wconf 74' lang='lat' dir='ltr'><strong>lialendario.</strong></span> <span class='ocrx_word' id='word_1_343' title='bbox 417 4300 493 4364; x_wconf 89' lang='lat' dir='ltr'><strong>Non</strong></span> <span class='ocrx_word' id='word_1_344' title='bbox 525 4298 688 4363; x_wconf 86' lang='lat' dir='ltr'><strong>audienda</strong></span> <span class='ocrx_word' id='word_1_345' title='bbox 720 4318 816 4383; x_wconf 80' lang='lat' dir='ltr'><strong>ergo</strong></span> <span class='ocrx_word' id='word_1_346' title='bbox 832 4318 916 4361; x_wconf 86' lang='lat' dir='ltr'><strong>mar·</strong></span> <span class='ocrx_word' id='word_1_347' title='bbox 1465 4296 1628 4356; x_wconf 83' lang='lat' dir='ltr'><strong>stissrat.</strong></span> 
     </span>
    </p>
   </div>
   <div class='ocr_carea' id='block_1_15' title="bbox 171 4622 1719 4890">
    <p class='ocr_par' dir='ltr' id='par_1_16' title="bbox 171 4622 1719 4890">
     <span class='ocr_line' id='line_1_58' title="bbox 204 4622 1712 4712; baseline -0.009 -19"><span class='ocrx_word' id='word_1_348' title='bbox 204 4641 235 4712; x_wconf 83' lang='lat' dir='ltr'><strong>a)</strong></span> <span class='ocrx_word' id='word_1_349' title='bbox 253 4634 382 4695; x_wconf 80' lang='lat' dir='ltr'><strong>Kalend.</strong></span> <span class='ocrx_word' id='word_1_350' title='bbox 395 4634 537 4693; x_wconf 81' lang='lat' dir='ltr'><strong>Amitern.</strong></span> <span class='ocrx_word' id='word_1_351' title='bbox 598 4631 635 4706; x_wconf 91' lang='lat' dir='ltr'><strong>b)</strong></span> <span class='ocrx_word' id='word_1_352' title='bbox 653 4633 711 4689; x_wconf 90' lang='lat' dir='ltr'><strong>Dio</strong></span> <span class='ocrx_word' id='word_1_353' title='bbox 724 4631 932 4704; x_wconf 76' lang='lat' dir='ltr'><strong>1..t1v.§.sr.</strong></span> <span class='ocrx_word' id='word_1_354' title='bbox 947 4640 976 4689; x_wconf 87' lang='lat' dir='ltr'><strong>et</strong></span> <span class='ocrx_word' id='word_1_355' title='bbox 989 4642 1032 4698; x_wconf 78' lang='lat'><strong>35.</strong></span> <span class='ocrx_word' id='word_1_356' title='bbox 1099 4632 1131 4701; x_wconf 92' lang='lat' dir='ltr'><strong>c)</strong></span> <span class='ocrx_word' id='word_1_357' title='bbox 1149 4626 1273 4703; x_wconf 83' lang='lat' dir='ltr'><strong>Foggini</strong></span> <span class='ocrx_word' id='word_1_358' title='bbox 1288 4638 1374 4704; x_wconf 69' lang='lat' dir='ltr'><strong>pes.</strong></span> <span class='ocrx_word' id='word_1_359' title='bbox 1435 4626 1470 4698; x_wconf 91' lang='lat' dir='ltr'><strong>d)</strong></span> <span class='ocrx_word' id='word_1_360' title='bbox 1488 4625 1569 4683; x_wconf 75' lang='lat' dir='ltr'><strong>east.</strong></span> <span class='ocrx_word' id='word_1_361' title='bbox 1582 4622 1635 4681; x_wconf 86' lang='lat'><strong>111.</strong></span> <span class='ocrx_word' id='word_1_362' title='bbox 1649 4633 1712 4685; x_wconf 74' lang='lat' dir='ltr'><strong>llo.</strong></span> 
     </span>
     <span class='ocr_line' id='line_1_59' title="bbox 171 4712 1719 4803; baseline -0.009 -20"><span class='ocrx_word' id='word_1_363' title='bbox 171 4730 201 4799; x_wconf 84' lang='lat' dir='ltr'><strong>e)</strong></span> <span class='ocrx_word' id='word_1_364' title='bbox 217 4745 287 4803; x_wconf 77' lang='lat' dir='ltr'><strong>pag.</strong></span> <span class='ocrx_word' id='word_1_365' title='bbox 298 4734 359 4800; x_wconf 73' lang='grc'><strong>149.</strong></span> <span class='ocrx_word' id='word_1_366' title='bbox 374 4746 405 4785; x_wconf 89' lang='lat' dir='ltr'><strong>n.</strong></span> <span class='ocrx_word' id='word_1_367' title='bbox 417 4734 478 4791; x_wconf 75' lang='lat' dir='ltr'><strong>tol.</strong></span> <span class='ocrx_word' id='word_1_368' title='bbox 564 4722 687 4797; x_wconf 72' lang='lat' dir='ltr'><strong>OCen.</strong></span> <span class='ocrx_word' id='word_1_369' title='bbox 700 4722 760 4780; x_wconf 87' lang='lat' dir='ltr'><strong>Pis.</strong></span> <span class='ocrx_word' id='word_1_370' title='bbox 776 4720 847 4779; x_wconf 90' lang='lat' dir='ltr'><strong>diss.</strong></span> <span class='ocrx_word' id='word_1_371' title='bbox 860 4720 898 4783; x_wconf 87' lang='lat' dir='ltr'><strong>II.</strong></span> <span class='ocrx_word' id='word_1_372' title='bbox 915 4740 939 4782; x_wconf 84' lang='lat' dir='ltr'><strong>e.</strong></span> <span class='ocrx_word' id='word_1_373' title='bbox 953 4734 996 4783; x_wconf 81' lang='lat'><strong>10.</strong></span> <span class='ocrx_word' id='word_1_374' title='bbox 1039 4772 1041 4776; x_wconf 94' lang='lat'><strong>.</strong></span> <span class='ocrx_word' id='word_1_375' title='bbox 1083 4719 1116 4796; x_wconf 70' lang='grc' dir='ltr'><strong>ε’)</strong></span> <span class='ocrx_word' id='word_1_376' title='bbox 1135 4719 1205 4778; x_wconf 82' lang='lat' dir='ltr'><strong>Ant.</strong></span> <span class='ocrx_word' id='word_1_377' title='bbox 1218 4716 1423 4793; x_wconf 72' lang='lat' dir='ltr'><strong>Asiatptet.</strong></span> <span class='ocrx_word' id='word_1_378' title='bbox 1506 4712 1667 4790; x_wconf 83' lang='lat' dir='ltr'><strong>b).Suppl.</strong></span> <span class='ocrx_word' id='word_1_379' title='bbox 1681 4714 1719 4775; x_wconf 88' lang='lat'><strong>11.</strong></span> 
     </span>
     <span class='ocr_line' id='line_1_60' title="bbox 173 4810 852 4890; baseline -0.009 -15"><span class='ocrx_word' id='word_1_380' title='bbox 173 4814 386 4879; x_wconf 81' lang='lat' dir='ltr'><strong>nb.1v.n.to.</strong></span> <span class='ocrx_word' id='word_1_381' title='bbox 459 4816 486 4888; x_wconf 87' lang='lat' dir='ltr'><strong>i)</strong></span> <span class='ocrx_word' id='word_1_382' title='bbox 504 4812 600 4882; x_wconf 67' lang='lat' dir='ltr'><strong>talu.</strong></span> <span class='ocrx_word' id='word_1_383' title='bbox 615 4810 690 4890; x_wconf 76' lang='lat' dir='ltr'><strong>cleg.</strong></span> <span class='ocrx_word' id='word_1_384' title='bbox 702 4810 852 4880; x_wconf 79' lang='lat' dir='ltr'><strong>1V..s.ss.</strong></span> 
     </span>
    </p>
   </div>
   <div class='ocr_carea' id='block_1_16' title="bbox 1319 4865 1548 4956">
    <p class='ocr_par' dir='ltr' id='par_1_17' title="bbox 1319 4865 1548 4956">
     <span class='ocr_line' id='line_1_61' title="bbox 1319 4865 1548 4956; baseline -0.017 1"><span class='ocrx_word' id='word_1_385' title='bbox 1319 4865 1548 4956; x_wconf 49' lang='lat' dir='ltr'><strong>&#39;Oa⁴</strong></span> 
     </span>
    </p>
   </div>
   <div class='ocr_carea' id='block_1_17' title="bbox 0 0 2157 5500">
    <p class='ocr_par' dir='ltr' id='par_1_18' title="bbox 0 0 2157 5500">
     <span class='ocr_line' id='line_1_62' title="bbox 0 0 2157 5500; baseline 0 0"><span class='ocrx_word' id='word_1_386' title='bbox 0 0 2157 5500; x_wconf 95' lang='lat' dir='ltr'><strong> </strong></span> 
     </span>
    </p>
   </div>
  </div>
 </body>
</html>
