4267 5500
695 587 817 664 'ser
849 589 1158 670 routmvs
1436 539 1441 544 ¹
1655 621 1704 699 2,

147 755 220 818 Ex.
232 754 269 821 S.
280 753 318 820 C.
343 753 528 837 Tropaeum
545 758 665 822 novule
678 757 799 845 Scflue
811 765 903 828 οοοί-
954 761 1040 828 saris
1066 784 1186 830 necem
1203 764 1318 832 Asinio
1338 765 1513 846 Pollione,
1540 783 1578 834 nt
1605 793 1703 858 supra

90 857 98 872 '
147 857 372 922 busborrens.
387 857 461 920 All.
486 860 585 941 (blus.
601 860 710 939 Caes.)
958 865 1117 946 diximus,
1152 865 1227 933 cum
1248 883 1425 954 sumetur
1445 869 1518 955 ejus
1538 875 1703 957 potentia,

149 1019 155 1032 ,
250 959 460 1028 NEPTVNI.
492 965 600 1045 (tapes
624 965 772 1048 Pompeii
789 969 902 1048 putris
955 969 1117 1052 perfecit,
1141 983 1177 1033 ut
1198 991 1241 1034 ex
1264 971 1298 1037 S.
1322 973 1359 1035 C.
1378 991 1446 1035 non
1466 973 1566 1038 modo
1588 997 1644 1040 ens
1662 977 1703 1038 si·

242 1082 326 1142 prae
339 1082 404 1140 quo
424 1064 568 1142 tridens,
589 1066 679 1149 irrfro
691 1067 877 1151 delphinus.
956 1067 991 1134 bi
1013 1071 1099 1135 bons
1119 1071 1359 1150 redderentur,
1389 1075 1568 1141 sedetiam
1588 1078 1702 1142 elassis

149 1159 421 1256 Q-NASIDIVS.
434 1161 540 1230 Nouis
555 1178 709 1249 turgente
725 1172 806 1247 velo,
821 1171 898 1251 jue-
951 1171 1131 1255 'imperinm
1151 1174 1429 1253 committeretur,
1459 1197 1523 1260 quo
1545 1177 1608 1240 etsi
1629 1178 1705 1240 sub·

148 1285 184 1326 ru
204 1279 347 1328 astrum.
367 1265 439 1330 AR.
455 1269 552 1341 (blus
569 1269 676 1346 Caes.)
915 1337 919 1342 ,
957 1273 1033 1338 inde
1056 1287 1174 1357 egente
1197 1275 1377 1341 Octauiano
1397 1277 1599 1359 privaretur,
1622 1277 1702 1340 cles·

213 1367 252 1428 in
280 1365 334 1432 bis
363 1367 471 1430 rumis
498 1368 564 1452 jem
581 1392 627 1436 so
655 1373 899 1440 lblPerotorem
957 1396 1026 1440 sem
1048 1375 1185 1440 retinuit
1203 1389 1329 1454 tamen,
1350 1397 1491 1461 cumque
1517 1397 1593 1441 sese
1613 1380 1704 1462 panl-
1759 1370 1762 1377 ’

147 1469 314 1530 I'PERum
345 1470 499 1553 appellat.
542 1473 726 1558 Imperator
754 1479 899 1558 primum
947 1477 991 1541 .lo
1015 1492 1088 1559 post
1108 1477 1328 1563 proscriptum
1345 1478 1572 1564 intelligeret,
1606 1499 1704 1542 οοοιι·
1739 1473 1749 1510 ’

147 1570 255 1632 dietus
284 1568 417 1669 ridetur
441 1591 488 1635 ex
516 1574 617 1638 rebus
642 1573 749 1640 adhue
765 1576 810 1638 in
840 1577 900 1640 Hi·
953 1591 1028 1662 pata
1048 1581 1205 1644 continno
1227 1579 1339 1647 Sicilia
1360 1580 1425 1644 rim
1447 1577 1620 1664 opposuit,
1649 1602 1702 1643 su·

146 1673 260 1757 spania
281 1673 454 1758 praeclare
484 1677 596 1758 gestis.
628 1679 714 1742 Nam
729 1697 802 1742 cnm
824 1693 899 1764 post
953 1701 1053 1764 aeque
1079 1679 1212 1746 fortiter
1231 1683 1318 1746 ultus
1332 1681 1546 1764 iujurias·seu
1561 1680 1703 1747 interce·

146 1777 276 1840 cladem
305 1773 525 1840 Mundensem
547 1778 636 1844 vires
657 1780 777 1844 iterum
793 1781 898 1846 eolle-
952 1781 1017 1866 ptis
1044 1783 1180 1847 nasibus
1208 1783 1447 1858 frumentariir,
1486 1804 1547 1851 eeu
1565 1783 1701 1845 multata

146 1878 268 1962 gisset,
288 1897 365 1941 curn
381 1878 495 1953 Asinio
512 1881 663 1946 Pollione
679 1901 896 1967 congressus,
953 1883 1126 1970 aliquoties
1156 1883 1326 1948 Octaviani
1354 1884 1460 1947 classe
1481 1883 1624 1966 perfecit
1644 1883 1701 1956 de·

144 2002 244 2064 quem
265 1983 292 2047 Ι.
315 1981 436 2044 Caesar
458 1980 499 2044 nd
526 1982 680 2048 tuendum
707 1985 896 2070 Hispaniam
952 1985 1072 2072 nique,
1093 1998 1130 2049 ut
1145 1984 1254 2050 iiiviri
1271 1985 1359 2066 pacis
1376 2005 1454 2049 cum
1478 2005 1521 2054 eo
1541 1984 1704 2048 conditio-

143 2085 298 2162 miserat,
335 2083 498 2168 insignem
529 2083 700 2149 victoriam
726 2087 839 2151 retulit
855 2093 894 2170 ¹).
952 2109 1013 2152 nes
1034 2088 1119 2151 inire
1141 2099 1356 2169 cogerentur,
1380 2100 1417 2150 ut
1436 2086 1600 2170 principio
1622 2084 1699 2148 diri.

144 2188 270 2250 Arctus
310 2184 431 2249 deinde
461 2205 617 2252 numerus
646 2189 821 2274 exaliqua
852 2189 897 2256 vi·
952 2191 1035 2256 Cum
1049 2189 1150 2274 igitur
1164 2188 1283 2250 Sextus
1299 2187 1412 2271 priore
1427 2174 1701 2253 senatusconsul·

144 2287 248 2352 ctoria
287 2287 465 2367 maritima,
524 2309 662 2372 quarum
700 2291 814 2374 plnres
852 2291 895 2355 de
951 2307 987 2356 te
1011 2304 1131 2367 steret,
1153 2289 1303 2372 perrexit
1320 2289 1480 2372 praefecti
1496 2290 1609 2355 classis
1624 2289 1701 2352 titu-

144 2389 321 2456 Octasiani
340 2388 514 2454 classiariis
535 2390 663 2469 retulit,
708 2390 750 2454 de
778 2391 894 2476 quibus
952 2394 1020 2458 lum
1042 2392 1149 2455 numis
1164 2392 1232 2455 suis
1248 2391 1442 2456 inscribere.
1474 2391 1560 2460 Vide
1583 2391 1625 2455 de
1648 2390 1700 2453 his

142 2491 237 2556 inira.
304 2493 380 2554 Non
408 2490 606 2556 omittendus
636 2491 701 2558 boo
731 2493 808 2558 loco
837 2517 896 2558 nn·
952 2495 1096 2559 Dionem
1110 2493 1162 2578 1ἱ),
1178 2506 1214 2556 et
1228 2492 1395 2562 Velleium
1410 2494 1452 2574 ο).
1481 2493 1535 2554 Ad
1551 2493 1616 2557 boe
1636 2516 1701 2557 ma·

143 2617 216 2658 mns
236 2593 475 2672 Mosellianue,
498 2594 542 2654 *in
563 2594 656 2678 cnjus
678 2595 781 2659 antica
805 2595 893 2660 idem
950 2600 998 2660 ris
1016 2595 1211 2682 imperium,
1241 2607 1310 2656 tum
1326 2593 1532 2660 et'victorias
1548 2595 1631 2658 mari
1648 2615 1701 2658 re·

144 2709 194 2760 est
213 2709 328 2781 typus,
358 2696 414 2783 qui
436 2694 630 2761 indenario
653 2717 695 2762 ex
713 2698 816 2763 citatis
838 2703 893 2765 lll.
952 2699 1031 2763 lates
1058 2697 1184 2763 adludit
1208 2697 1365 2782 frequens
1380 2697 1414 2759 in
1436 2697 1528 2761 Sexti
1556 2697 1699 2761 denariis

143 2798 256 2863 addito
288 2800 387 2862 etiam
417 2800 504 2865 IMP.
532 2801 668 2876 tritta,
706 2799 741 2861 in
762 2814 893 2865 aversas
942 2806 1046 2886 'typus
1061 2801 1223 2885 Neptuni,
1242 2799 1413 2864 actuaris.
1722 2798 1726 2803 ’

145 2902 235 2965 111².
263 2902 366 2963 TER.
405 2904 601 2983 Tropaeum.
649 2904 735 2963 Eum
771 2904 895 2967 Hauer-
1014 2904 1211 2971 NEPTVNI
1224 2902 1380 2984 scriptum
1396 2900 1484 2983 jnrts
1497 2901 1700 2983 capntPorn·

146 3024 277 3087 campus
308 3000 414 3066 refert
439 3001 481 3066 sd
510 3002 679 3069 victoriam
706 3003 746 3067 ad
769 3006 895 3068 Tauro·
951 3005 1102 3087 pejili.,
1132 3015 1167 3067 et
1183 3002 1362 3085 legendnm
1377 2998 1698 3083 NEPTVNIfilius,

145 3105 305 3181 menium,
331 3124 373 3167 ex
394 3126 475 3190 qua,
506 3106 894 3183 utilliridetur,1blP.
952 3126 1049 3190 quem
1063 3124 1185 3167 ecesse
1199 3104 1368 3186 proieasus
1385 3104 1572 3166 estSertus.
1587 3100 1700 3161 Enim·

146 3208 246 3274 TER.
276 3208 379 3270 fuerit
407 3206 633 3291 compellatus.
685 3210 730 3269 At
757 3206 894 3287 mirum,
952 3228 1033 3272 vero
1049 3220 1135 3270 teste
1149 3204 1258 3269 Dione
1275 3205 1306 3287 ἃ)
1321 3219 1356 3268 et
1372 3204 1522 3288 Appiano
1538 3205 1566 3282 θ)
1583 3222 1625 3265 er
1641 3202 1699 3263 ali·

145 3310 282 3371 Sestum
327 3310 362 3369 in
405 3306 524 3373 eodem
563 3329 663 3373 numo
702 3307 767 3372 dici
803 3312 893 3376 IMP.
952 3322 1032 3394 quot
1048 3308 1202 3373 secundis
1219 3308 1300 3371 meri
1315 3306 1471 3370 adversus
1484 3306 1699 3370 Octavianum

146 3412 262 3475 ll'ER.
294 3412 546 3475 esttamen.
573 3412 609 3474 Si
624 3411 810 3476 reflexisset
829 3412 895 3475 ani·
951 3403 1156 3475 successibus
1174 3409 1257 3473 adeo
1271 3409 1396 3472 animos
1411 3407 1542 3484 extulit,
1560 3420 1597 3469 ut
1612 3408 1699 3491 Nep-
1792 3426 1797 3432 ·

144 3536 235 3575 mum
254 3512 297 3577 ad
320 3534 454 3575 numum
476 3514 564 3581 V111.
593 3512 700 3579 tabula
717 3516 757 3581 V.
786 3514 893 3599 gentis
950 3512 1177 3575 tuuieefilium
1186 3510 1699 3597 palamierretpraecipuequod

145 3616 307 3680 Antoniae
319 3612 406 3699 apud
419 3614 627 3691 Morellinm,
640 3602 785 3693 vidisset,
802 3638 894 3679 nvem
951 3627 984 3677 et
1000 3627 1095 3697 pater
1115 3616 1185 3698 ejus
1204 3614 1378 3698 imperium
1396 3610 1558 3696 qnondam
1577 3609 1700 3672 mariti·

147 3740 216 3783 sem
229 3718 325 3803 hujus
342 3716 467 3779 denarii
482 3716 524 3781 ad
537 3720 584 3783 Μ.
598 3706 775 3780 Antonium
794 3718 892 3801 perti·
950 3736 1037 3777 ntum
1059 3711 1240 3793 habuisset,
1262 3736 1325 3799 pro
1346 3715 1487 3798 puniceo
1507 3710 1697 3775 caeruleum

146 3840 246 3897 nere,
265 3840 364 3904 quem
384 3818 469 3881 adeo
484 3819 538 3883 vir
562 3818 707 3883 dubitem
726 3840 767 3883 er
780 3820 890 3883 subae·
948 3817 1211 3901 paludamentum
1230 3828 1392 3891 sumeret,
1412 3827 1445 3876 et
1466 3832 1569 3896 equos
1593 3812 1697 3877 viros·

147 3921 227 3983 ratis
245 3942 345 3983 unum
359 3940 442 3985 esse.
462 3922 536 3983 Non
551 3941 632 4006 ergo
652 3942 694 3985 ex
711 3922 775 3986 hoc
792 3941 892 3986 numo
949 3919 1117 4005 que'vivos
1132 3922 1167 3983 in
1183 3940 1270 3983 mare
1285 3918 1452 4000 abjiceret.
1467 3914 1518 3977 Ad
1530 3916 1614 3978 hanc
1625 3914 1698 3993 ojus·

147 4024 243 4107 argui
258 4035 383 4106 potest,
404 4022 538 4087 Sextum
557 4024 656 4087 tertio
675 4023 776 4089 luisse
791 4022 893 4088 aoela·
948 4022 1046 4085 animi
1063 4022 1288 4107 impotentiam
1306 4016 1424 4083 adlusit
1438 4018 1594 4112 Horatius
1615 4015 1655 4101 ¹):

146 4140 269 4189 matum
283 4125 528 4209 imperatorem.
1016 4128 1063 4189 Vt
1086 4136 1303 4209 stupetactus
1321 4115 1696 4207 tainfretn'NEPYV·

210 4228 453 4292 PRAEFectus
488 4228 661 4291 enasse
705 4226 891 4292 ETORAE
1167 4240 1170 4245 ⁴
1503 4219 1613 4286 NIVS
1678 4252 1682 4260 ·

149 4330 378 4392 stammana.»
396 4330 465 4393 Ex.
482 4328 516 4393 S.
533 4330 569 4392 C.
589 4331 622 4390 in
642 4328 808 4414 plerisque
827 4330 892 4393 suis
1056 4325 1271 4409 DVXfugt't
1291 4327 1379 4387 ustis
1398 4324 1546 4385 munibat.

148 4432 255 4494 numia
272 4430 403 4497 dicitur.
429 4430 590 4493 Nimirum
615 4429 702 4497 victo
724 4444 799 4515 post
815 4430 894 4494 Cae·
949 4426 1076 4492 Eadem
1095 4428 1222 4492 insania
1241 4427 1307 4510 jam
1328 4424 1407 4489 olim
1425 4424 1544 4502 Clitas,
1568 4437 1694 4508 postea-

152 4616 1698 4651 mm

188 4770 221 4837 a)
237 4764 291 4823 Dio
303 4766 337 4822 Ι..
350 4762 440 4821 XLV.
457 4764 481 4837 t.
495 4776 537 4823 ιο.
628 4762 664 4835 b>
682 4761 716 4820 Ι..
730 4762 817 4819 XLV.
836 4774 876 4821 ιο.
895 4758 1058 4821 1..vast
1074 4773 1116 4820 ιο.
1136 4760 1168 4816 1..
1181 4750 1312 4815 xtvnt.
1327 4770 1368 4819 tt.
1463 4757 1593 4829 c)1..11.
1610 4776 1635 4813 c.
1645 4768 1693 4821 te.

156 4856 191 4927 sl)
211 4856 240 4913 b.
252 4854 383 4916 XLVIII.
398 4856 421 4928 i.
432 4866 474 4926 19.
493 4864 524 4909 ot
534 4862 578 4919 48.
671 4855 702 4925 e)
721 4850 794 4908 Brll.
811 4851 865 4909 civ.
880 4851 913 4908 L.
927 4851 963 4915 V.
978 4872 1002 4909 c.
1015 4866 1075 4914 100.
1168 4848 1195 4927 i)
1214 4845 1309 4925 Epod.
1324 4846 1374 4905 lx.
1388 4858 1415 4909 7.
